<body data-reference="{&quot;controller&quot;:&quot;sdp-webpack&quot;,&quot;isSubscribable&quot;:&quot;&quot;,&quot;bundleid&quot;:&quot;&quot;,&quot;resourcedomain&quot;:&quot;&quot;,&quot;abtestkey&quot;:[{&quot;key&quot;:&quot;74241&quot;,&quot;option&quot;:&quot;A&quot;},{&quot;key&quot;:&quot;2561&quot;,&quot;option&quot;:&quot;A&quot;},{&quot;key&quot;:&quot;9217&quot;,&quot;option&quot;:&quot;B&quot;},{&quot;key&quot;:&quot;11777&quot;,&quot;option&quot;:&quot;A&quot;},{&quot;key&quot;:&quot;1027&quot;,&quot;option&quot;:&quot;C&quot;},{&quot;key&quot;:&quot;77829&quot;,&quot;option&quot;:&quot;B&quot;},{&quot;key&quot;:&quot;1030&quot;,&quot;option&quot;:&quot;C&quot;},{&quot;key&quot;:&quot;77831&quot;,&quot;option&quot;:&quot;B&quot;},{&quot;key&quot;:&quot;4104&quot;,&quot;option&quot;:&quot;A&quot;},{&quot;key&quot;:&quot;1033&quot;,&quot;option&quot;:&quot;C&quot;},{&quot;key&quot;:&quot;3083&quot;,&quot;option&quot;:&quot;B&quot;},{&quot;key&quot;:&quot;2060&quot;,&quot;option&quot;:&quot;A&quot;},{&quot;key&quot;:&quot;1036&quot;,&quot;option&quot;:&quot;C&quot;},{&quot;key&quot;:&quot;3084&quot;,&quot;option&quot;:&quot;A&quot;},{&quot;key&quot;:&quot;3086&quot;,&quot;option&quot;:&quot;B&quot;},{&quot;key&quot;:&quot;1039&quot;,&quot;option&quot;:&quot;C&quot;},{&quot;key&quot;:&quot;3087&quot;,&quot;option&quot;:&quot;B&quot;},{&quot;key&quot;:&quot;31247&quot;,&quot;option&quot;:&quot;B&quot;},{&quot;key&quot;:&quot;2576&quot;,&quot;option&quot;:&quot;A&quot;},{&quot;key&quot;:&quot;14353&quot;,&quot;option&quot;:&quot;A&quot;},{&quot;key&quot;:&quot;1042&quot;,&quot;option&quot;:&quot;C&quot;},{&quot;key&quot;:&quot;2578&quot;,&quot;option&quot;:&quot;B&quot;},{&quot;key&quot;:&quot;3602&quot;,&quot;option&quot;:&quot;A&quot;},{&quot;key&quot;:&quot;3603&quot;,&quot;option&quot;:&quot;A&quot;},{&quot;key&quot;:&quot;3092&quot;,&quot;option&quot;:&quot;B&quot;},{&quot;key&quot;:&quot;19476&quot;,&quot;option&quot;:&quot;A&quot;},{&quot;key&quot;:&quot;1045&quot;,&quot;option&quot;:&quot;C&quot;},{&quot;key&quot;:&quot;2069&quot;,&quot;option&quot;:&quot;B&quot;},{&quot;key&quot;:&quot;3606&quot;,&quot;option&quot;:&quot;B&quot;},{&quot;key&quot;:&quot;1048&quot;,&quot;option&quot;:&quot;C&quot;},{&quot;key&quot;:&quot;3608&quot;,&quot;option&quot;:&quot;C&quot;},{&quot;key&quot;:&quot;12312&quot;,&quot;option&quot;:&quot;B&quot;},{&quot;key&quot;:&quot;3097&quot;,&quot;option&quot;:&quot;E&quot;},{&quot;key&quot;:&quot;2587&quot;,&quot;option&quot;:&quot;A&quot;},{&quot;key&quot;:&quot;10267&quot;,&quot;option&quot;:&quot;B&quot;},{&quot;key&quot;:&quot;4125&quot;,&quot;option&quot;:&quot;B&quot;},{&quot;key&quot;:&quot;2078&quot;,&quot;option&quot;:&quot;B&quot;},{&quot;key&quot;:&quot;2590&quot;,&quot;option&quot;:&quot;B&quot;},{&quot;key&quot;:&quot;3102&quot;,&quot;option&quot;:&quot;B&quot;},{&quot;key&quot;:&quot;4638&quot;,&quot;option&quot;:&quot;B&quot;},{&quot;key&quot;:&quot;3616&quot;,&quot;option&quot;:&quot;A&quot;},{&quot;key&quot;:&quot;24608&quot;,&quot;option&quot;:&quot;B&quot;},{&quot;key&quot;:&quot;1057&quot;,&quot;option&quot;:&quot;C&quot;},{&quot;key&quot;:&quot;66592&quot;,&quot;option&quot;:&quot;B&quot;},{&quot;key&quot;:&quot;3618&quot;,&quot;option&quot;:&quot;A&quot;},{&quot;key&quot;:&quot;15907&quot;,&quot;option&quot;:&quot;B&quot;},{&quot;key&quot;:&quot;1060&quot;,&quot;option&quot;:&quot;C&quot;},{&quot;key&quot;:&quot;1572&quot;,&quot;option&quot;:&quot;A&quot;},{&quot;key&quot;:&quot;3620&quot;,&quot;option&quot;:&quot;A&quot;},{&quot;key&quot;:&quot;3621&quot;,&quot;option&quot;:&quot;A&quot;},{&quot;key&quot;:&quot;15915&quot;,&quot;option&quot;:&quot;B&quot;},{&quot;key&quot;:&quot;3121&quot;,&quot;option&quot;:&quot;B&quot;},{&quot;key&quot;:&quot;7729&quot;,&quot;option&quot;:&quot;B&quot;},{&quot;key&quot;:&quot;3635&quot;,&quot;option&quot;:&quot;B&quot;},{&quot;key&quot;:&quot;3126&quot;,&quot;option&quot;:&quot;A&quot;},{&quot;key&quot;:&quot;3640&quot;,&quot;option&quot;:&quot;B&quot;},{&quot;key&quot;:&quot;29240&quot;,&quot;option&quot;:&quot;B&quot;},{&quot;key&quot;:&quot;3641&quot;,&quot;option&quot;:&quot;B&quot;},{&quot;key&quot;:&quot;4155&quot;,&quot;option&quot;:&quot;B&quot;},{&quot;key&quot;:&quot;2621&quot;,&quot;option&quot;:&quot;B&quot;},{&quot;key&quot;:&quot;1087&quot;,&quot;option&quot;:&quot;A&quot;},{&quot;key&quot;:&quot;3137&quot;,&quot;option&quot;:&quot;B&quot;},{&quot;key&quot;:&quot;35905&quot;,&quot;option&quot;:&quot;B&quot;},{&quot;key&quot;:&quot;68&quot;,&quot;option&quot;:&quot;A&quot;},{&quot;key&quot;:&quot;69&quot;,&quot;option&quot;:&quot;A&quot;},{&quot;key&quot;:&quot;581&quot;,&quot;option&quot;:&quot;A&quot;},{&quot;key&quot;:&quot;3141&quot;,&quot;option&quot;:&quot;B&quot;},{&quot;key&quot;:&quot;29253&quot;,&quot;option&quot;:&quot;D&quot;},{&quot;key&quot;:&quot;3143&quot;,&quot;option&quot;:&quot;B&quot;},{&quot;key&quot;:&quot;3657&quot;,&quot;option&quot;:&quot;A&quot;},{&quot;key&quot;:&quot;588&quot;,&quot;option&quot;:&quot;A&quot;},{&quot;key&quot;:&quot;3661&quot;,&quot;option&quot;:&quot;A&quot;},{&quot;key&quot;:&quot;3149&quot;,&quot;option&quot;:&quot;A&quot;},{&quot;key&quot;:&quot;3154&quot;,&quot;option&quot;:&quot;A&quot;},{&quot;key&quot;:&quot;60499&quot;,&quot;option&quot;:&quot;A&quot;},{&quot;key&quot;:&quot;2644&quot;,&quot;option&quot;:&quot;B&quot;},{&quot;key&quot;:&quot;2645&quot;,&quot;option&quot;:&quot;B&quot;},{&quot;key&quot;:&quot;12373&quot;,&quot;option&quot;:&quot;A&quot;},{&quot;key&quot;:&quot;1110&quot;,&quot;option&quot;:&quot;A&quot;},{&quot;key&quot;:&quot;3158&quot;,&quot;option&quot;:&quot;A&quot;},{&quot;key&quot;:&quot;3670&quot;,&quot;option&quot;:&quot;B&quot;},{&quot;key&quot;:&quot;3673&quot;,&quot;option&quot;:&quot;A&quot;},{&quot;key&quot;:&quot;3163&quot;,&quot;option&quot;:&quot;B&quot;},{&quot;key&quot;:&quot;51291&quot;,&quot;option&quot;:&quot;C&quot;},{&quot;key&quot;:&quot;3165&quot;,&quot;option&quot;:&quot;B&quot;},{&quot;key&quot;:&quot;5215&quot;,&quot;option&quot;:&quot;A&quot;},{&quot;key&quot;:&quot;6239&quot;,&quot;option&quot;:&quot;B&quot;},{&quot;key&quot;:&quot;2656&quot;,&quot;option&quot;:&quot;B&quot;},{&quot;key&quot;:&quot;2657&quot;,&quot;option&quot;:&quot;B&quot;},{&quot;key&quot;:&quot;3681&quot;,&quot;option&quot;:&quot;B&quot;},{&quot;key&quot;:&quot;2145&quot;,&quot;option&quot;:&quot;A&quot;},{&quot;key&quot;:&quot;1634&quot;,&quot;option&quot;:&quot;B&quot;},{&quot;key&quot;:&quot;2147&quot;,&quot;option&quot;:&quot;B&quot;},{&quot;key&quot;:&quot;3684&quot;,&quot;option&quot;:&quot;A&quot;},{&quot;key&quot;:&quot;3687&quot;,&quot;option&quot;:&quot;A&quot;},{&quot;key&quot;:&quot;1640&quot;,&quot;option&quot;:&quot;B&quot;},{&quot;key&quot;:&quot;2157&quot;,&quot;option&quot;:&quot;A&quot;},{&quot;key&quot;:&quot;3693&quot;,&quot;option&quot;:&quot;A&quot;},{&quot;key&quot;:&quot;1139&quot;,&quot;option&quot;:&quot;A&quot;},{&quot;key&quot;:&quot;3192&quot;,&quot;option&quot;:&quot;B&quot;},{&quot;key&quot;:&quot;2680&quot;,&quot;option&quot;:&quot;B&quot;},{&quot;key&quot;:&quot;3197&quot;,&quot;option&quot;:&quot;B&quot;},{&quot;key&quot;:&quot;4228&quot;,&quot;option&quot;:&quot;B&quot;},{&quot;key&quot;:&quot;3205&quot;,&quot;option&quot;:&quot;B&quot;},{&quot;key&quot;:&quot;4743&quot;,&quot;option&quot;:&quot;B&quot;},{&quot;key&quot;:&quot;3208&quot;,&quot;option&quot;:&quot;B&quot;},{&quot;key&quot;:&quot;3720&quot;,&quot;option&quot;:&quot;B&quot;},{&quot;key&quot;:&quot;3211&quot;,&quot;option&quot;:&quot;B&quot;},{&quot;key&quot;:&quot;3729&quot;,&quot;option&quot;:&quot;B&quot;},{&quot;key&quot;:&quot;2706&quot;,&quot;option&quot;:&quot;A&quot;},{&quot;key&quot;:&quot;3218&quot;,&quot;option&quot;:&quot;A&quot;},{&quot;key&quot;:&quot;2197&quot;,&quot;option&quot;:&quot;B&quot;},{&quot;key&quot;:&quot;150&quot;,&quot;option&quot;:&quot;A&quot;},{&quot;key&quot;:&quot;3735&quot;,&quot;option&quot;:&quot;B&quot;},{&quot;key&quot;:&quot;3224&quot;,&quot;option&quot;:&quot;B&quot;},{&quot;key&quot;:&quot;8344&quot;,&quot;option&quot;:&quot;A&quot;},{&quot;key&quot;:&quot;3738&quot;,&quot;option&quot;:&quot;A&quot;},{&quot;key&quot;:&quot;4250&quot;,&quot;option&quot;:&quot;B&quot;},{&quot;key&quot;:&quot;4251&quot;,&quot;option&quot;:&quot;B&quot;},{&quot;key&quot;:&quot;31387&quot;,&quot;option&quot;:&quot;B&quot;},{&quot;key&quot;:&quot;4252&quot;,&quot;option&quot;:&quot;B&quot;},{&quot;key&quot;:&quot;5279&quot;,&quot;option&quot;:&quot;A&quot;},{&quot;key&quot;:&quot;40096&quot;,&quot;option&quot;:&quot;C&quot;},{&quot;key&quot;:&quot;3233&quot;,&quot;option&quot;:&quot;B&quot;},{&quot;key&quot;:&quot;2724&quot;,&quot;option&quot;:&quot;B&quot;},{&quot;key&quot;:&quot;3240&quot;,&quot;option&quot;:&quot;B&quot;},{&quot;key&quot;:&quot;169&quot;,&quot;option&quot;:&quot;B&quot;},{&quot;key&quot;:&quot;2218&quot;,&quot;option&quot;:&quot;B&quot;},{&quot;key&quot;:&quot;3755&quot;,&quot;option&quot;:&quot;A&quot;},{&quot;key&quot;:&quot;2731&quot;,&quot;option&quot;:&quot;A&quot;},{&quot;key&quot;:&quot;3245&quot;,&quot;option&quot;:&quot;B&quot;},{&quot;key&quot;:&quot;2735&quot;,&quot;option&quot;:&quot;A&quot;},{&quot;key&quot;:&quot;2736&quot;,&quot;option&quot;:&quot;A&quot;},{&quot;key&quot;:&quot;11440&quot;,&quot;option&quot;:&quot;A&quot;},{&quot;key&quot;:&quot;3762&quot;,&quot;option&quot;:&quot;B&quot;},{&quot;key&quot;:&quot;2226&quot;,&quot;option&quot;:&quot;A&quot;},{&quot;key&quot;:&quot;692&quot;,&quot;option&quot;:&quot;B&quot;},{&quot;key&quot;:&quot;1204&quot;,&quot;option&quot;:&quot;A&quot;},{&quot;key&quot;:&quot;3253&quot;,&quot;option&quot;:&quot;A&quot;},{&quot;key&quot;:&quot;182&quot;,&quot;option&quot;:&quot;B&quot;},{&quot;key&quot;:&quot;695&quot;,&quot;option&quot;:&quot;A&quot;},{&quot;key&quot;:&quot;1719&quot;,&quot;option&quot;:&quot;B&quot;},{&quot;key&quot;:&quot;2743&quot;,&quot;option&quot;:&quot;A&quot;},{&quot;key&quot;:&quot;2232&quot;,&quot;option&quot;:&quot;B&quot;},{&quot;key&quot;:&quot;3257&quot;,&quot;option&quot;:&quot;A&quot;},{&quot;key&quot;:&quot;9915&quot;,&quot;option&quot;:&quot;B&quot;},{&quot;key&quot;:&quot;2748&quot;,&quot;option&quot;:&quot;B&quot;},{&quot;key&quot;:&quot;2238&quot;,&quot;option&quot;:&quot;B&quot;},{&quot;key&quot;:&quot;3262&quot;,&quot;option&quot;:&quot;B&quot;},{&quot;key&quot;:&quot;3775&quot;,&quot;option&quot;:&quot;B&quot;},{&quot;key&quot;:&quot;3777&quot;,&quot;option&quot;:&quot;A&quot;},{&quot;key&quot;:&quot;3267&quot;,&quot;option&quot;:&quot;B&quot;},{&quot;key&quot;:&quot;3272&quot;,&quot;option&quot;:&quot;B&quot;},{&quot;key&quot;:&quot;4298&quot;,&quot;option&quot;:&quot;A&quot;},{&quot;key&quot;:&quot;2762&quot;,&quot;option&quot;:&quot;B&quot;},{&quot;key&quot;:&quot;2251&quot;,&quot;option&quot;:&quot;B&quot;},{&quot;key&quot;:&quot;2763&quot;,&quot;option&quot;:&quot;B&quot;},{&quot;key&quot;:&quot;3275&quot;,&quot;option&quot;:&quot;B&quot;},{&quot;key&quot;:&quot;4300&quot;,&quot;option&quot;:&quot;A&quot;},{&quot;key&quot;:&quot;717&quot;,&quot;option&quot;:&quot;B&quot;},{&quot;key&quot;:&quot;3789&quot;,&quot;option&quot;:&quot;C&quot;},{&quot;key&quot;:&quot;60109&quot;,&quot;option&quot;:&quot;A&quot;},{&quot;key&quot;:&quot;4814&quot;,&quot;option&quot;:&quot;B&quot;},{&quot;key&quot;:&quot;3791&quot;,&quot;option&quot;:&quot;B&quot;},{&quot;key&quot;:&quot;2257&quot;,&quot;option&quot;:&quot;B&quot;},{&quot;key&quot;:&quot;2770&quot;,&quot;option&quot;:&quot;B&quot;},{&quot;key&quot;:&quot;3795&quot;,&quot;option&quot;:&quot;A&quot;},{&quot;key&quot;:&quot;3285&quot;,&quot;option&quot;:&quot;B&quot;},{&quot;key&quot;:&quot;4821&quot;,&quot;option&quot;:&quot;B&quot;},{&quot;key&quot;:&quot;2776&quot;,&quot;option&quot;:&quot;B&quot;},{&quot;key&quot;:&quot;3288&quot;,&quot;option&quot;:&quot;A&quot;},{&quot;key&quot;:&quot;3800&quot;,&quot;option&quot;:&quot;A&quot;},{&quot;key&quot;:&quot;4314&quot;,&quot;option&quot;:&quot;A&quot;},{&quot;key&quot;:&quot;14554&quot;,&quot;option&quot;:&quot;C&quot;},{&quot;key&quot;:&quot;3293&quot;,&quot;option&quot;:&quot;A&quot;},{&quot;key&quot;:&quot;1246&quot;,&quot;option&quot;:&quot;C&quot;},{&quot;key&quot;:&quot;2784&quot;,&quot;option&quot;:&quot;B&quot;},{&quot;key&quot;:&quot;2785&quot;,&quot;option&quot;:&quot;B&quot;},{&quot;key&quot;:&quot;2275&quot;,&quot;option&quot;:&quot;B&quot;},{&quot;key&quot;:&quot;3300&quot;,&quot;option&quot;:&quot;A&quot;},{&quot;key&quot;:&quot;4324&quot;,&quot;option&quot;:&quot;B&quot;},{&quot;key&quot;:&quot;229&quot;,&quot;option&quot;:&quot;B&quot;},{&quot;key&quot;:&quot;1772&quot;,&quot;option&quot;:&quot;B&quot;},{&quot;key&quot;:&quot;2797&quot;,&quot;option&quot;:&quot;B&quot;},{&quot;key&quot;:&quot;3311&quot;,&quot;option&quot;:&quot;B&quot;},{&quot;key&quot;:&quot;3312&quot;,&quot;option&quot;:&quot;B&quot;},{&quot;key&quot;:&quot;2801&quot;,&quot;option&quot;:&quot;A&quot;},{&quot;key&quot;:&quot;5362&quot;,&quot;option&quot;:&quot;B&quot;},{&quot;key&quot;:&quot;77554&quot;,&quot;option&quot;:&quot;B&quot;},{&quot;key&quot;:&quot;3316&quot;,&quot;option&quot;:&quot;A&quot;},{&quot;key&quot;:&quot;1782&quot;,&quot;option&quot;:&quot;A&quot;},{&quot;key&quot;:&quot;3319&quot;,&quot;option&quot;:&quot;B&quot;},{&quot;key&quot;:&quot;2296&quot;,&quot;option&quot;:&quot;A&quot;},{&quot;key&quot;:&quot;3833&quot;,&quot;option&quot;:&quot;B&quot;},{&quot;key&quot;:&quot;3322&quot;,&quot;option&quot;:&quot;A&quot;},{&quot;key&quot;:&quot;32508&quot;,&quot;option&quot;:&quot;B&quot;},{&quot;key&quot;:&quot;10492&quot;,&quot;option&quot;:&quot;B&quot;},{&quot;key&quot;:&quot;3837&quot;,&quot;option&quot;:&quot;B&quot;},{&quot;key&quot;:&quot;11518&quot;,&quot;option&quot;:&quot;A&quot;},{&quot;key&quot;:&quot;1279&quot;,&quot;option&quot;:&quot;A&quot;},{&quot;key&quot;:&quot;2816&quot;,&quot;option&quot;:&quot;A&quot;},{&quot;key&quot;:&quot;770&quot;,&quot;option&quot;:&quot;B&quot;},{&quot;key&quot;:&quot;2820&quot;,&quot;option&quot;:&quot;A&quot;},{&quot;key&quot;:&quot;6918&quot;,&quot;option&quot;:&quot;B&quot;},{&quot;key&quot;:&quot;2823&quot;,&quot;option&quot;:&quot;B&quot;},{&quot;key&quot;:&quot;2824&quot;,&quot;option&quot;:&quot;A&quot;},{&quot;key&quot;:&quot;2825&quot;,&quot;option&quot;:&quot;B&quot;},{&quot;key&quot;:&quot;4361&quot;,&quot;option&quot;:&quot;B&quot;},{&quot;key&quot;:&quot;5388&quot;,&quot;option&quot;:&quot;B&quot;},{&quot;key&quot;:&quot;3853&quot;,&quot;option&quot;:&quot;B&quot;},{&quot;key&quot;:&quot;1294&quot;,&quot;option&quot;:&quot;B&quot;},{&quot;key&quot;:&quot;1808&quot;,&quot;option&quot;:&quot;B&quot;},{&quot;key&quot;:&quot;3344&quot;,&quot;option&quot;:&quot;B&quot;},{&quot;key&quot;:&quot;3345&quot;,&quot;option&quot;:&quot;B&quot;},{&quot;key&quot;:&quot;274&quot;,&quot;option&quot;:&quot;A&quot;},{&quot;key&quot;:&quot;279&quot;,&quot;option&quot;:&quot;A&quot;},{&quot;key&quot;:&quot;2327&quot;,&quot;option&quot;:&quot;B&quot;},{&quot;key&quot;:&quot;3866&quot;,&quot;option&quot;:&quot;B&quot;},{&quot;key&quot;:&quot;1821&quot;,&quot;option&quot;:&quot;A&quot;},{&quot;key&quot;:&quot;3357&quot;,&quot;option&quot;:&quot;A&quot;},{&quot;key&quot;:&quot;3870&quot;,&quot;option&quot;:&quot;B&quot;},{&quot;key&quot;:&quot;4895&quot;,&quot;option&quot;:&quot;B&quot;},{&quot;key&quot;:&quot;2337&quot;,&quot;option&quot;:&quot;B&quot;},{&quot;key&quot;:&quot;3873&quot;,&quot;option&quot;:&quot;A&quot;},{&quot;key&quot;:&quot;3878&quot;,&quot;option&quot;:&quot;B&quot;},{&quot;key&quot;:&quot;3367&quot;,&quot;option&quot;:&quot;B&quot;},{&quot;key&quot;:&quot;25895&quot;,&quot;option&quot;:&quot;B&quot;},{&quot;key&quot;:&quot;4392&quot;,&quot;option&quot;:&quot;B&quot;},{&quot;key&quot;:&quot;1833&quot;,&quot;option&quot;:&quot;A&quot;},{&quot;key&quot;:&quot;18217&quot;,&quot;option&quot;:&quot;A&quot;},{&quot;key&quot;:&quot;4394&quot;,&quot;option&quot;:&quot;A&quot;},{&quot;key&quot;:&quot;3883&quot;,&quot;option&quot;:&quot;B&quot;},{&quot;key&quot;:&quot;3373&quot;,&quot;option&quot;:&quot;A&quot;},{&quot;key&quot;:&quot;2352&quot;,&quot;option&quot;:&quot;A&quot;},{&quot;key&quot;:&quot;4407&quot;,&quot;option&quot;:&quot;A&quot;},{&quot;key&quot;:&quot;5948&quot;,&quot;option&quot;:&quot;B&quot;},{&quot;key&quot;:&quot;1855&quot;,&quot;option&quot;:&quot;B&quot;},{&quot;key&quot;:&quot;3391&quot;,&quot;option&quot;:&quot;A&quot;},{&quot;key&quot;:&quot;8511&quot;,&quot;option&quot;:&quot;A&quot;},{&quot;key&quot;:&quot;3393&quot;,&quot;option&quot;:&quot;B&quot;},{&quot;key&quot;:&quot;3394&quot;,&quot;option&quot;:&quot;A&quot;},{&quot;key&quot;:&quot;2371&quot;,&quot;option&quot;:&quot;B&quot;},{&quot;key&quot;:&quot;3396&quot;,&quot;option&quot;:&quot;A&quot;},{&quot;key&quot;:&quot;4420&quot;,&quot;option&quot;:&quot;B&quot;},{&quot;key&quot;:&quot;3910&quot;,&quot;option&quot;:&quot;B&quot;},{&quot;key&quot;:&quot;3911&quot;,&quot;option&quot;:&quot;B&quot;},{&quot;key&quot;:&quot;1863&quot;,&quot;option&quot;:&quot;A&quot;},{&quot;key&quot;:&quot;1865&quot;,&quot;option&quot;:&quot;B&quot;},{&quot;key&quot;:&quot;3402&quot;,&quot;option&quot;:&quot;A&quot;},{&quot;key&quot;:&quot;2890&quot;,&quot;option&quot;:&quot;A&quot;},{&quot;key&quot;:&quot;2891&quot;,&quot;option&quot;:&quot;B&quot;},{&quot;key&quot;:&quot;2380&quot;,&quot;option&quot;:&quot;A&quot;},{&quot;key&quot;:&quot;3404&quot;,&quot;option&quot;:&quot;A&quot;},{&quot;key&quot;:&quot;45388&quot;,&quot;option&quot;:&quot;B&quot;},{&quot;key&quot;:&quot;1871&quot;,&quot;option&quot;:&quot;B&quot;},{&quot;key&quot;:&quot;5457&quot;,&quot;option&quot;:&quot;B&quot;},{&quot;key&quot;:&quot;3410&quot;,&quot;option&quot;:&quot;B&quot;},{&quot;key&quot;:&quot;6491&quot;,&quot;option&quot;:&quot;B&quot;},{&quot;key&quot;:&quot;3933&quot;,&quot;option&quot;:&quot;B&quot;},{&quot;key&quot;:&quot;1893&quot;,&quot;option&quot;:&quot;A&quot;},{&quot;key&quot;:&quot;4965&quot;,&quot;option&quot;:&quot;A&quot;},{&quot;key&quot;:&quot;42855&quot;,&quot;option&quot;:&quot;B&quot;},{&quot;key&quot;:&quot;2920&quot;,&quot;option&quot;:&quot;B&quot;},{&quot;key&quot;:&quot;14696&quot;,&quot;option&quot;:&quot;B&quot;},{&quot;key&quot;:&quot;3433&quot;,&quot;option&quot;:&quot;B&quot;},{&quot;key&quot;:&quot;2409&quot;,&quot;option&quot;:&quot;B&quot;},{&quot;key&quot;:&quot;43369&quot;,&quot;option&quot;:&quot;A&quot;},{&quot;key&quot;:&quot;2410&quot;,&quot;option&quot;:&quot;B&quot;},{&quot;key&quot;:&quot;3437&quot;,&quot;option&quot;:&quot;A&quot;},{&quot;key&quot;:&quot;3438&quot;,&quot;option&quot;:&quot;A&quot;},{&quot;key&quot;:&quot;4976&quot;,&quot;option&quot;:&quot;B&quot;},{&quot;key&quot;:&quot;2928&quot;,&quot;option&quot;:&quot;B&quot;},{&quot;key&quot;:&quot;5492&quot;,&quot;option&quot;:&quot;A&quot;},{&quot;key&quot;:&quot;6517&quot;,&quot;option&quot;:&quot;B&quot;},{&quot;key&quot;:&quot;1912&quot;,&quot;option&quot;:&quot;A&quot;},{&quot;key&quot;:&quot;1402&quot;,&quot;option&quot;:&quot;B&quot;},{&quot;key&quot;:&quot;1914&quot;,&quot;option&quot;:&quot;B&quot;},{&quot;key&quot;:&quot;4474&quot;,&quot;option&quot;:&quot;A&quot;},{&quot;key&quot;:&quot;2427&quot;,&quot;option&quot;:&quot;A&quot;},{&quot;key&quot;:&quot;2941&quot;,&quot;option&quot;:&quot;A&quot;},{&quot;key&quot;:&quot;3453&quot;,&quot;option&quot;:&quot;B&quot;},{&quot;key&quot;:&quot;1920&quot;,&quot;option&quot;:&quot;A&quot;},{&quot;key&quot;:&quot;2945&quot;,&quot;option&quot;:&quot;A&quot;},{&quot;key&quot;:&quot;1923&quot;,&quot;option&quot;:&quot;B&quot;},{&quot;key&quot;:&quot;2948&quot;,&quot;option&quot;:&quot;A&quot;},{&quot;key&quot;:&quot;2951&quot;,&quot;option&quot;:&quot;B&quot;},{&quot;key&quot;:&quot;2957&quot;,&quot;option&quot;:&quot;A&quot;},{&quot;key&quot;:&quot;5517&quot;,&quot;option&quot;:&quot;B&quot;},{&quot;key&quot;:&quot;2959&quot;,&quot;option&quot;:&quot;B&quot;},{&quot;key&quot;:&quot;2449&quot;,&quot;option&quot;:&quot;B&quot;},{&quot;key&quot;:&quot;3474&quot;,&quot;option&quot;:&quot;A&quot;},{&quot;key&quot;:&quot;11158&quot;,&quot;option&quot;:&quot;A&quot;},{&quot;key&quot;:&quot;2967&quot;,&quot;option&quot;:&quot;B&quot;},{&quot;key&quot;:&quot;3482&quot;,&quot;option&quot;:&quot;B&quot;},{&quot;key&quot;:&quot;11685&quot;,&quot;option&quot;:&quot;B&quot;},{&quot;key&quot;:&quot;423&quot;,&quot;option&quot;:&quot;B&quot;},{&quot;key&quot;:&quot;2472&quot;,&quot;option&quot;:&quot;B&quot;},{&quot;key&quot;:&quot;2985&quot;,&quot;option&quot;:&quot;B&quot;},{&quot;key&quot;:&quot;3499&quot;,&quot;option&quot;:&quot;B&quot;},{&quot;key&quot;:&quot;17329&quot;,&quot;option&quot;:&quot;B&quot;},{&quot;key&quot;:&quot;2484&quot;,&quot;option&quot;:&quot;B&quot;},{&quot;key&quot;:&quot;1972&quot;,&quot;option&quot;:&quot;B&quot;},{&quot;key&quot;:&quot;5045&quot;,&quot;option&quot;:&quot;B&quot;},{&quot;key&quot;:&quot;5557&quot;,&quot;option&quot;:&quot;B&quot;},{&quot;key&quot;:&quot;3000&quot;,&quot;option&quot;:&quot;B&quot;},{&quot;key&quot;:&quot;3512&quot;,&quot;option&quot;:&quot;A&quot;},{&quot;key&quot;:&quot;2491&quot;,&quot;option&quot;:&quot;A&quot;},{&quot;key&quot;:&quot;1979&quot;,&quot;option&quot;:&quot;B&quot;},{&quot;key&quot;:&quot;1982&quot;,&quot;option&quot;:&quot;B&quot;},{&quot;key&quot;:&quot;3518&quot;,&quot;option&quot;:&quot;A&quot;},{&quot;key&quot;:&quot;3007&quot;,&quot;option&quot;:&quot;A&quot;},{&quot;key&quot;:&quot;960&quot;,&quot;option&quot;:&quot;B&quot;},{&quot;key&quot;:&quot;3013&quot;,&quot;option&quot;:&quot;B&quot;},{&quot;key&quot;:&quot;3017&quot;,&quot;option&quot;:&quot;A&quot;},{&quot;key&quot;:&quot;54217&quot;,&quot;option&quot;:&quot;E&quot;},{&quot;key&quot;:&quot;29643&quot;,&quot;option&quot;:&quot;A&quot;},{&quot;key&quot;:&quot;4045&quot;,&quot;option&quot;:&quot;B&quot;},{&quot;key&quot;:&quot;3028&quot;,&quot;option&quot;:&quot;A&quot;},{&quot;key&quot;:&quot;3029&quot;,&quot;option&quot;:&quot;A&quot;},{&quot;key&quot;:&quot;3030&quot;,&quot;option&quot;:&quot;B&quot;},{&quot;key&quot;:&quot;52182&quot;,&quot;option&quot;:&quot;A&quot;},{&quot;key&quot;:&quot;2521&quot;,&quot;option&quot;:&quot;B&quot;},{&quot;key&quot;:&quot;2009&quot;,&quot;option&quot;:&quot;B&quot;},{&quot;key&quot;:&quot;13273&quot;,&quot;option&quot;:&quot;D&quot;},{&quot;key&quot;:&quot;2011&quot;,&quot;option&quot;:&quot;B&quot;},{&quot;key&quot;:&quot;24540&quot;,&quot;option&quot;:&quot;B&quot;},{&quot;key&quot;:&quot;29662&quot;,&quot;option&quot;:&quot;A&quot;},{&quot;key&quot;:&quot;7134&quot;,&quot;option&quot;:&quot;B&quot;},{&quot;key&quot;:&quot;8677&quot;,&quot;option&quot;:&quot;B&quot;},{&quot;key&quot;:&quot;998&quot;,&quot;option&quot;:&quot;A&quot;},{&quot;key&quot;:&quot;1511&quot;,&quot;option&quot;:&quot;A&quot;},{&quot;key&quot;:&quot;2535&quot;,&quot;option&quot;:&quot;A&quot;},{&quot;key&quot;:&quot;2536&quot;,&quot;option&quot;:&quot;A&quot;},{&quot;key&quot;:&quot;4078&quot;,&quot;option&quot;:&quot;B&quot;},{&quot;key&quot;:&quot;2543&quot;,&quot;option&quot;:&quot;B&quot;},{&quot;key&quot;:&quot;4082&quot;,&quot;option&quot;:&quot;B&quot;},{&quot;key&quot;:&quot;3061&quot;,&quot;option&quot;:&quot;B&quot;},{&quot;key&quot;:&quot;502&quot;,&quot;option&quot;:&quot;A&quot;},{&quot;key&quot;:&quot;2553&quot;,&quot;option&quot;:&quot;B&quot;},{&quot;key&quot;:&quot;2554&quot;,&quot;option&quot;:&quot;A&quot;},{&quot;key&quot;:&quot;3580&quot;,&quot;option&quot;:&quot;B&quot;},{&quot;key&quot;:&quot;2557&quot;,&quot;option&quot;:&quot;B&quot;},{&quot;key&quot;:&quot;3069&quot;,&quot;option&quot;:&quot;A&quot;},{&quot;key&quot;:&quot;4606&quot;,&quot;option&quot;:&quot;C&quot;},{&quot;key&quot;:&quot;2559&quot;,&quot;option&quot;:&quot;B&quot;}], &quot;login&quot;:&quot;N&quot;, &quot;travelAbTestInflows&quot;:&quot;&quot;, &quot;isTravelAbTestTargetB&quot;:false, &quot;wiselogSid&quot;:&quot;coupang&quot;, &quot;profile&quot;:&quot;&quot;, &quot;isProduct&quot;:&quot;&quot;, &quot;pineAccessCheck&quot;:&quot;&quot;, &quot;vendorItemPackageId&quot;:&quot;&quot;, &quot;cartapiUrl&quot;:&quot;//cart.coupang.com&quot;, &quot;checkoutUrl&quot;:&quot;&quot;, &quot;isRenewalRecentlyViewedProduct&quot;: &quot;true&quot;, &quot;useSearchApi&quot;:&quot;false&quot;, &quot;isPagingTarget&quot;:&quot;false&quot;,
    &quot;qctoken&quot;:&quot;&quot;,&quot;collectionType&quot;:&quot;&quot;, &quot;webDomain&quot;:&quot;&quot;, &quot;isTargetOfDeliveryInformation&quot;:&quot;false&quot;, &quot;freeShippingOverAmount&quot;:&quot;&quot;, &quot;trCid&quot;:&quot;&quot;, &quot;trAid&quot;:&quot;&quot; }" data-web-product-global-ff="{&quot;blackList&quot;:&quot;&quot;}" data-coulog-config="{&quot;initCustomURL&quot;:&quot;&quot;, &quot;initLogLabel&quot;:&quot;&quot;, &quot;preventDefaultLogging&quot;:&quot;&quot;}" data-fodium-web-url="//reco.coupang.com" class="product renewal" data-apply-breadcrumbs-new-style="true">
    <!-- skip navigator -->
<nav id="skip-navigation">
    <div style="font-size: 1.5em; font-weight: bold">스킵 네비게이션</div>
    <a href="#login">#로그인 바로가기</a>
    <a href="#header">#메뉴 바로가기</a>
    <a href="#gnbAnalytics">#카테고리 바로가기</a>
    <a href="#contents">#본문 바로가기</a>
</nav>
<hr>


<div id="browserSupportWrap" style="display: none">
    <div class="bs-wrap">
        <p class="bs-message">고객님의 브라우저에서는 쿠팡이 정상 동작하지 않습니다.<br>
            인터넷 익스플로러 업데이트, 크롬 또는 파이어폭스 브라우저를 설치하세요.</p>
        <ul class="bs-browser-download">
            <li class="ie"><a href="https://windows.microsoft.com/ko-kr/internet-explorer/download-ie" target="_blank">인터넷 익스플로러<br> <em>업데이트하기</em></a></li>
            <li class="chrome"><a href="https://www.google.com/chrome/browser/desktop/index.html" target="_blank">크롬<br> <em>설치하기</em></a></li>
            <li class="firefox"><a href="https://www.mozilla.org/ko/firefox/new/" target="_blank">파이어폭스<br> <em>설치하기</em></a></li>
        </ul>
    </div>
</div>

<script>
    try {
        var DEP_IE_VER = 10;
        var uam = navigator.userAgent.match(/MSIE\s+(\d+)/);
        if (uam && uam.length >= 2 && parseInt(uam[1]) <= DEP_IE_VER) {
            document.getElementById('browserSupportWrap').style.display = 'block';
        }
    } catch (err) {
        console.log(err);
    }
</script>







    <div id="container" class="renewal  product  srp-sync srp-sync-brand">
        <div id="full-gnb-header" class="renewal-header noneab48732 applyNewGNBIcons " data-show-responsive-gnb="false" data-disable-sdp-sticky-gnb="true"><header id="header" class=""><section><div class="clearFix search-form-wrap"><span class="logo"><a href="/" title="Coupang - 내가 잘사는 이유" data-log-props="{ &quot;id&quot;: &quot;coupang_logo&quot; }" data-coulog="{&quot;grp&quot;:&quot;GNB&quot;,&quot;logType&quot;:&quot;click&quot;,&quot;logCategory&quot;:&quot;event&quot;,&quot;logLabel&quot;:&quot;coupang_logo&quot;}"><img src="//image7.coupangcdn.com/image/coupang/common/logo_coupang_w350.png" width="174" height="41" alt="쿠팡로고"></a></span><div class="search-form product-search clearFix"><form id="headerSearchForm" method="get" action="/np/search" data-actionurl="/np/search"><fieldset><legend>상품검색</legend><div class="header-searchForm"><div class="select--category"><a href="#" class="select--category--button"></a>      <a href="#" class="select--category__current" id="currentCategoryText" data-linkcode="">전체</a>     </div><select id="searchCategories" class="search_category_filter" data-name="" sb="75207778" style="display: none;">
    <option value="-1">전체</option>

        <option value="564653" data-category-id="564553">패션의류/잡화</option>

        <option value="176522" data-category-id="176422">뷰티</option>

        <option value="221934" data-category-id="221834">출산/유아동</option>

        <option value="194276" data-category-id="194176">식품</option>

        <option value="185669" data-category-id="185569">주방용품</option>

        <option value="115673" data-category-id="115573">생활용품</option>

        <option value="184555" data-category-id="184455">홈인테리어</option>

        <option value="178255" data-category-id="178155">가전디지털</option>

        <option value="317778" data-category-id="317678">스포츠/레저</option>

        <option value="184060" data-category-id="183960">자동차용품</option>

        <option value="317777" data-category-id="317677">도서/음반/DVD</option>

        <option value="317779" data-category-id="317679">완구/취미</option>

        <option value="177295" data-category-id="177195">문구/오피스</option>

        <option value="115674" data-category-id="115574">반려동물용품</option>

        <option value="305798" data-category-id="305698">헬스/건강식품</option>


        <option value="396463" data-category-id="396363">국내여행</option>

        <option value="396464" data-category-id="396364">해외여행</option>



        <option value="/np/campaigns/18530" data-category-id="510344">R.LUX</option>

        <option value="/np/campaigns/3884" data-category-id="462089">로켓설치</option>

        <option value="/np/campaigns/2318" data-category-id="429673">공간별 집꾸미기</option>

        <option value="/np/campaigns/13570" data-category-id="508108">헬스케어 전문관</option>

        <option value="/np/campaigns/1440" data-category-id="414285">쿠팡 Only</option>

        <option value="433784" data-category-id="433684">싱글라이프</option>

        <option value="/np/campaigns/11354" data-category-id="507973">악기전문관</option>

        <option value="416130" data-category-id="416030">결혼준비</option>

        <option value="410273" data-category-id="410173">아트/공예</option>

        <option value="/np/campaigns/17593" data-category-id="397155">미세먼지용품</option>

        <option value="316168" data-category-id="316068">홈카페</option>

        <option value="383370" data-category-id="383270">실버스토어</option>

        <option value="/np/campaigns/17993" data-category-id="510297">로켓펫닥터</option>

</select><div id="sbHolder_75207778" class="select--category"><a id="sbToggle_75207778" href="#" class="select--category--button"></a><a id="sbSelector_75207778" href="#" class="select--category__current">전체</a><ul id="sbOptions_75207778" class="select--category--option" style="display: none;"><li><a href="#-1" rel="-1">전체</a></li><li><a href="#564653" rel="564653">패션의류/잡화</a></li><li><a href="#176522" rel="176522">뷰티</a></li><li><a href="#221934" rel="221934">출산/유아동</a></li><li><a href="#194276" rel="194276">식품</a></li><li><a href="#185669" rel="185669">주방용품</a></li><li><a href="#115673" rel="115673">생활용품</a></li><li><a href="#184555" rel="184555">홈인테리어</a></li><li><a href="#178255" rel="178255">가전디지털</a></li><li><a href="#317778" rel="317778">스포츠/레저</a></li><li><a href="#184060" rel="184060">자동차용품</a></li><li><a href="#317777" rel="317777">도서/음반/DVD</a></li><li><a href="#317779" rel="317779">완구/취미</a></li><li><a href="#177295" rel="177295">문구/오피스</a></li><li><a href="#115674" rel="115674">반려동물용품</a></li><li><a href="#305798" rel="305798">헬스/건강식품</a></li><li><a href="#396463" rel="396463">국내여행</a></li><li><a href="#396464" rel="396464">해외여행</a></li><li><a href="#/np/campaigns/18530" rel="/np/campaigns/18530">R.LUX</a></li><li><a href="#/np/campaigns/3884" rel="/np/campaigns/3884">로켓설치</a></li><li><a href="#/np/campaigns/2318" rel="/np/campaigns/2318">공간별 집꾸미기</a></li><li><a href="#/np/campaigns/13570" rel="/np/campaigns/13570">헬스케어 전문관</a></li><li><a href="#/np/campaigns/1440" rel="/np/campaigns/1440">쿠팡 Only</a></li><li><a href="#433784" rel="433784">싱글라이프</a></li><li><a href="#/np/campaigns/11354" rel="/np/campaigns/11354">악기전문관</a></li><li><a href="#416130" rel="416130">결혼준비</a></li><li><a href="#410273" rel="410273">아트/공예</a></li><li><a href="#/np/campaigns/17593" rel="/np/campaigns/17593">미세먼지용품</a></li><li><a href="#316168" rel="316168">홈카페</a></li><li><a href="#383370" rel="383370">실버스토어</a></li><li><a href="#/np/campaigns/17993" rel="/np/campaigns/17993">로켓펫닥터</a></li></ul></div> <input type="hidden" name="component" id="searchSelectedCategory" value=""> <label for="headerSearchKeyword"> <input type="text" id="headerSearchKeyword" class="coupang-search ad-keyword is-speech" name="q" title="쿠팡 상품 검색" value="" data-searchad="{&quot;channel&quot;:&quot;&quot;, &quot;copy&quot;:&quot;찾고 싶은 상품을 검색해보세요!&quot;, &quot;linkType&quot;:&quot;&quot;, &quot;linkContent&quot;:&quot;&quot;, &quot;newWindow&quot;:&quot;&quot;}" placeholder="찾고 싶은 상품을 검색해보세요!" autocomplete="off"></label><a href="#" class="speech-content-mic speech-mic" data-gaclick="{" hittype":"event",="" "eventcategory":"gnb",="" "eventaction":"click",="" "eventlabel":"stt",="" "eventvalue":0}"="">마이크</a><a href="#" class="speech-content-mic speech-mic" data-gaclick="{" hittype":"event",="" "eventcategory":"gnb",="" "eventaction":"click",="" "eventlabel":"stt",="" "eventvalue":0}"="">마이크</a></div><input type="hidden" name="channel" value="user"> <a href="javascript:;" id="headerSearchBtn" class="search" title="검색">검색</a></fieldset></form><div id="headerPopupWords" class="popularity-words" style="display: none;"></div><div class="history-btns" style="display: none;"><span class="delete-all-kwdhistory del-button">전체삭제</span><span class="history-onoff on">최근검색어끄기</span></div></div><ul class="icon-menus"> <li class="my-coupang more"><a href="https://mc.coupang.com/ssr/desktop/order/list" data-log-props="{ &quot;id&quot;: &quot;mycoupang&quot; }" data-coulog="{&quot;grp&quot;:&quot;GNB&quot;,&quot;logType&quot;:&quot;click&quot;,&quot;logCategory&quot;:&quot;event&quot;,&quot;logLabel&quot;:&quot;mycoupang&quot;}"><span class="my-coupang-icon gnb-icon-item"><img src="https://static.coupangcdn.com/image/coupang/common/pc_header_img_sprite_new_gnb.svg#person" width="30" height="30"> </span><span class="my-coupang-title">마이쿠팡</span></a><p class="my-coupang-menu"><span class="wrapper"><i class="speech-icon"></i> <a href="https://mc.coupang.com/ssr/desktop/order/list" data-log-props="{ &quot;id&quot;: &quot;mycoupang_1&quot; }" data-coulog="{&quot;grp&quot;:&quot;GNB&quot;,&quot;logType&quot;:&quot;click&quot;,&quot;logCategory&quot;:&quot;event&quot;,&quot;logLabel&quot;:&quot;mycoupang_1&quot;}">주문목록</a> <a href="https://mc.coupang.com/ssr/desktop/cancel-return-exchange/list" data-log-props="{ &quot;id&quot;: &quot;mycoupang_2&quot; }" data-coulog="{&quot;grp&quot;:&quot;GNB&quot;,&quot;logType&quot;:&quot;click&quot;,&quot;logCategory&quot;:&quot;event&quot;,&quot;logLabel&quot;:&quot;mycoupang_2&quot;}">취소/반품</a>  <a href="//wish-web.coupang.com/wishInitView.pang" data-log-props="{ &quot;id&quot;: &quot;mycoupang_4&quot; }" data-coulog="{&quot;grp&quot;:&quot;GNB&quot;,&quot;logType&quot;:&quot;click&quot;,&quot;logCategory&quot;:&quot;event&quot;,&quot;logLabel&quot;:&quot;mycoupang_4&quot;}">찜 리스트</a>  <a href="https://subscribe-order.coupang.com/manage/subs.pang
    " class="subscription-menu-a" data-log-props="{ &quot;id&quot;: &quot;mycoupang_5&quot; }" data-coulog="{&quot;grp&quot;:&quot;GNB&quot;,&quot;logType&quot;:&quot;click&quot;,&quot;logCategory&quot;:&quot;event&quot;,&quot;logLabel&quot;:&quot;mycoupang_5&quot;}"><span class="subscription-menu-label">정기배송</span><span class="subscription-menu-warning-icon"></span> </a></span></p></li><li class="cart more"><a href="//cart.coupang.com/cartView.pang" class="mycart-preview-module" data-log-props="{ &quot;id&quot;: &quot;cart&quot; }" data-coulog="{&quot;grp&quot;:&quot;GNB&quot;,&quot;logType&quot;:&quot;click&quot;,&quot;logCategory&quot;:&quot;event&quot;,&quot;logLabel&quot;:&quot;cart&quot;}"><span class="cart-icon gnb-icon-item"><img src="https://static.coupangcdn.com/image/coupang/common/pc_header_img_sprite_new_gnb.svg#cart" width="28" height="28"> </span><span class="cart-title">장바구니</span> <em id="headerCartCount">1</em></a><div id="mycart-preview"><span class="wrapper"><i class="speech-icon"></i><ul class="mycart-preview-products"></ul></span></div></li></ul></div><div id="gnb-menu-container" class="gnb-menu-container" style="overflow: hidden;">
    <div class="gnb-menu-btn gnb-menu-btn-left" style="display: inline-block;"></div>

    <ul class="gnb-menu-scroll gnb-menu-animation">

            <li class="gnb-menu-item">
                <a href="https://www.coupangplay.com/catalog" class="" data-log-props="{ &quot;id&quot;:&quot;gnb_menu_item_GNB_V2&quot;, &quot;param&quot;:{&quot;sectionId&quot;:&quot;coupangplay&quot;} }" target="_blank">

                        <img class="gnb-menu-item__icon" src="//image7.coupangcdn.com/image/coupang/home/icons/web/kr/coupang-play.png">

                    <span>쿠팡플레이</span>

                </a>
            </li>

            <li class="gnb-menu-item">
                <a href="https://www.coupang.com/np/campaigns/82" class="" data-log-props="{ &quot;id&quot;:&quot;gnb_menu_item_GNB_V2&quot;, &quot;param&quot;:{&quot;sectionId&quot;:&quot;rocketdelivery&quot;} }">

                        <img class="gnb-menu-item__icon" src="//image8.coupangcdn.com/image/coupang/home/icons/web/kr/rocket-delivery.png">

                    <span>로켓배송</span>

                </a>
            </li>

            <li class="gnb-menu-item">
                <a href="https://www.coupang.com/np/categories/393760" class="" data-log-props="{ &quot;id&quot;:&quot;gnb_menu_item_GNB_V2&quot;, &quot;param&quot;:{&quot;sectionId&quot;:&quot;rocketfresh&quot;} }">

                        <img class="gnb-menu-item__icon" src="//image7.coupangcdn.com/image/coupang/home/icons/web/kr/rocket-fresh.png">

                    <span>로켓프레시</span>

                </a>
            </li>

            <li class="gnb-menu-item">
                <a href="https://www.coupang.com/np/fbi?sourceType=home_section_fbi" class="" data-log-props="{ &quot;id&quot;:&quot;gnb_menu_item_GNB_V2&quot;, &quot;param&quot;:{&quot;sectionId&quot;:&quot;frequent_buy_item&quot;} }">

                        <img class="gnb-menu-item__icon" src="//image10.coupangcdn.com/image/coupang/common/fbi_icon_3x.png">

                    <span>다시 구매</span>

                        <i class="ic-new ic-new-exposure" data-new-tag-exposure-mills="2592000000"></i>

                </a>
            </li>

            <li class="gnb-menu-item">
                <a href="https://login.coupang.com/corporation/member/landing-page" class="" data-log-props="{ &quot;id&quot;:&quot;gnb_menu_item_GNB_V2&quot;, &quot;param&quot;:{&quot;sectionId&quot;:&quot;businessmall_landing&quot;} }">

                        <img class="gnb-menu-item__icon" src="//image6.coupangcdn.com/image/coupang/home/icons/web/kr/biz.png">

                    <span>쿠팡비즈</span>

                </a>
            </li>

            <li class="gnb-menu-item">
                <a href="https://www.coupang.com/np/coupangglobal" class="" data-log-props="{ &quot;id&quot;:&quot;gnb_menu_item_GNB_V2&quot;, &quot;param&quot;:{&quot;sectionId&quot;:&quot;coupangglobal&quot;} }">

                        <img class="gnb-menu-item__icon" src="//image10.coupangcdn.com/image/coupang/home/icons/web/kr/oversea-delivery.png">

                    <span>로켓직구</span>

                </a>
            </li>

            <li class="gnb-menu-item">
                <a href="https://www.coupang.com/np/goldbox" class="" data-log-props="{ &quot;id&quot;:&quot;gnb_menu_item_GNB_V2&quot;, &quot;param&quot;:{&quot;sectionId&quot;:&quot;gold_box&quot;} }">

                        <img class="gnb-menu-item__icon" src="//image8.coupangcdn.com/image/coupang/home/icons/web/kr/gold-box.png">

                    <span>골드박스</span>

                </a>
            </li>

            <li class="gnb-menu-item">
                <a href="https://pages.coupang.com/p/136938" class="" data-log-props="{ &quot;id&quot;:&quot;gnb_menu_item_GNB_V2&quot;, &quot;param&quot;:{&quot;sectionId&quot;:&quot;&quot;} }">

                        <img class="gnb-menu-item__icon" src="//image8.coupangcdn.com/image/coupang/home/icons/web/kr/new-item-of-month.png">

                    <span>이달의신상</span>

                </a>
            </li>

            <li class="gnb-menu-item">
                <a href="https://www.coupang.com/np/omp" class="" data-log-props="{ &quot;id&quot;:&quot;gnb_menu_item_GNB_V2&quot;, &quot;param&quot;:{&quot;sectionId&quot;:&quot;&quot;} }">

                        <img class="gnb-menu-item__icon" src="//image7.coupangcdn.com/image/coupang/home/icons/web/kr/omp.png">

                    <span>판매자특가</span>

                </a>
            </li>

            <li class="gnb-menu-item">
                <a href="https://www.coupang.com/np/campaigns/83" class="" data-log-props="{ &quot;id&quot;:&quot;gnb_menu_item_GNB_V2&quot;, &quot;param&quot;:{&quot;sectionId&quot;:&quot;subscription&quot;} }">

                        <img class="gnb-menu-item__icon" src="//image6.coupangcdn.com/image/coupang/home/icons/web/kr/wow.png">

                    <span>와우회원할인</span>

                </a>
            </li>

            <li class="gnb-menu-item">
                <a href="https://www.coupang.com/np/coupangbenefit" class="" data-log-props="{ &quot;id&quot;:&quot;gnb_menu_item_GNB_V2&quot;, &quot;param&quot;:{&quot;sectionId&quot;:&quot;coupangbenefit&quot;} }">

                        <img class="gnb-menu-item__icon" src="//image8.coupangcdn.com/image/coupang/home/icons/web/kr/benefit.png">

                    <span>이벤트/쿠폰</span>

                </a>
            </li>

            <li class="gnb-menu-item">
                <a href="https://pages.coupang.com/p/54908" class="" data-log-props="{ &quot;id&quot;:&quot;gnb_menu_item_GNB_V2&quot;, &quot;param&quot;:{&quot;sectionId&quot;:&quot;&quot;} }">

                        <img class="gnb-menu-item__icon" src="//image7.coupangcdn.com/image/coupang/home/icons/web/kr/returned-market.png">

                    <span>반품마켓</span>

                </a>
            </li>

            <li class="gnb-menu-item">
                <a href="https://pages.coupang.com/p/63240" class="" data-log-props="{ &quot;id&quot;:&quot;gnb_menu_item_GNB_V2&quot;, &quot;param&quot;:{&quot;sectionId&quot;:&quot;&quot;} }">

                        <img class="gnb-menu-item__icon" src="//image6.coupangcdn.com/image/coupang/home/icons/web/kr/sustainable-market.png">

                    <span>착한상점</span>

                        <i class="ic-new " data-new-tag-exposure-mills="0"></i>

                </a>
            </li>

            <li class="gnb-menu-item">
                <a href="https://pages.coupang.com/p/bep" class="" data-log-props="{ &quot;id&quot;:&quot;gnb_menu_item_GNB_V2&quot;, &quot;param&quot;:{&quot;sectionId&quot;:&quot;exhibition&quot;} }">

                        <img class="gnb-menu-item__icon" src="//image6.coupangcdn.com/image/coupang/home/icons/web/kr/event.png">

                    <span>기획전</span>

                </a>
            </li>

            <li class="gnb-menu-item">
                <a href="https://trip.coupang.com?channel=gnb" class="" data-log-props="{ &quot;id&quot;:&quot;gnb_menu_item_GNB_V2&quot;, &quot;param&quot;:{&quot;sectionId&quot;:&quot;&quot;} }">

                        <img class="gnb-menu-item__icon" src="//image6.coupangcdn.com/image/coupang/home/icons/web/kr/travel.png">

                    <span>쿠팡트래블</span>

                        <i class="ic-new " data-new-tag-exposure-mills="0"></i>

                </a>
            </li>

            <li class="gnb-menu-item">
                <a href="https://wing.coupang.com/tenants/vendor-signup/signup?utm_source=button_pc_coupang_shortcut_1&amp;utm_medium=non_paid&amp;utm_id=onsite_ca&amp;utm_content=202411" class="" data-log-props="{ &quot;id&quot;:&quot;gnb_menu_item_GNB_V2&quot;, &quot;param&quot;:{&quot;sectionId&quot;:&quot;&quot;} }">

                        <img class="gnb-menu-item__icon" src="//image8.coupangcdn.com/image/coupang/home/icons/web/kr/sell-on-coupang.png">

                    <span>입점신청</span>

                </a>
            </li>

    </ul>

    <div class="gnb-menu-btn gnb-menu-btn-right gnb-menu-btn-active" style="display: inline-block;"></div>

    <script type="text/javascript">
        (function() {
            var activeClass = 'gnb-menu-btn-active';
            var container = document.querySelector('#gnb-menu-container');
            var menu = container.querySelector('.gnb-menu-scroll');
            var section = document.querySelector('#header >section');
            var leftBtn = document.querySelector('.gnb-menu-btn-left');
            var rightBtn = document.querySelector('.gnb-menu-btn-right');
            var BTN_WIDTH = 22;
            var MARGIN = 2;
            var exceededWidth = 0;
            var inited = false;

            window.addEventListener('resize', init);
            init();


            function init() {
                if (menu.clientWidth > container.clientWidth) {
                    exceededWidth = menu.clientWidth - container.clientWidth;

                    showBtns();
                    addEventListenersToBtns();
                } else if (inited) {
                    hideBtns();
                }
                inited = true;
            }

            function setBtnActive(btn) {
                if (btn.className.indexOf(activeClass) === -1) {
                    btn.className += ' ' + activeClass;
                }
            }
            function removeBtnActive(btn) {
                return btn.className
                    .replace(activeClass, '')
                    .trim();
            }

            /**
                * display the scroll buttons
                */
            function showBtns() {
                var btns = document.querySelectorAll('.gnb-menu-btn');
                btns.forEach(function(btn) {
                    btn.style.display = 'inline-block';
                });

                // rightBtn is default active
                setBtnActive(rightBtn);

                container.style.overflow = 'hidden';


                // For css animation
                var animationClass = 'gnb-menu-animation';
                if (menu.className.indexOf(animationClass) === -1) {
                    menu.className += ' ' + animationClass;
                }
            }
            function hideBtns() {
                var btns = document.querySelectorAll('.gnb-menu-btn');
                btns.forEach(function(btn) {
                    btn.style.display = 'none';
                    btn.className = removeBtnActive(btn);
                });
                container.style.overflow = 'visible';
                menu.style.left = '';

            }

            function addEventListenersToBtns() {
                leftBtn.addEventListener(
                    'click',
                    scrollToEdge('left', leftBtn, rightBtn)
                );
                rightBtn.addEventListener(
                    'click',
                    scrollToEdge('right', leftBtn, rightBtn)
                );
            }

            function scrollToEdge(direction, leftBtn, rightBtn) {
                return function() {
                    if (direction === 'left') {
                        menu.style.left = BTN_WIDTH + 'px';
                        leftBtn.className = removeBtnActive(leftBtn);
                        setBtnActive(rightBtn);
                    }
                    if (direction === 'right') {
                        menu.style.left = -(exceededWidth + BTN_WIDTH + MARGIN) + 'px';
                        rightBtn.className = removeBtnActive(rightBtn);
                        setBtnActive(leftBtn);
                    }
                }
            }
        })();
    </script>
</div></section><div class="category-btn"><a href="javascript:;">카테고리</a>





<div class="category-layer category-layer-for-ingress-C" id="gnbAnalytics" data-analytics="{&quot;gadisplaypage&quot;:&quot;&quot;,&quot;gadisplaytitle&quot;:&quot;&quot;}">
    <div class="none" style="margin-block: 1em; margin-inline: 0; font-weight: bold; unicode-bidi: isolate">쇼핑</div>
    <ul class="menu shopping-menu-list">






        <li class="fashion-sundries"><a href="/np/categories/564653" class="first-depth" data-log-props="{ &quot;id&quot;:&quot;category_menu&quot;, &quot;param&quot;:{&quot;categoryLabel&quot;:&quot;womanclothe&quot;} }">패션의류/잡화<i class="select-icon"></i></a><div class="depth"><div class="depth-list banner third"><ul>   <li class="second-depth-list"><a href="/np/categories/186764" data-log-props="{ &quot;id&quot;:&quot;category_menu&quot;, &quot;param&quot;:{&quot;categoryLabel&quot;:&quot;womanclothe&quot;} }">여성패션 <i class="depth-select-icon"></i></a><div class="third-depth-list"><ul>  <li><a href="/np/categories/498704" data-log-props="{ &quot;id&quot;:&quot;category_menu&quot;, &quot;param&quot;:{&quot;categoryLabel&quot;:&quot;womanclothe&quot;} }">의류</a></li>   <li><a href="/np/categories/498797" data-log-props="{ &quot;id&quot;:&quot;category_menu&quot;, &quot;param&quot;:{&quot;categoryLabel&quot;:&quot;womanclothe&quot;} }">신발</a></li>   <li><a href="/np/categories/498828" data-log-props="{ &quot;id&quot;:&quot;category_menu&quot;, &quot;param&quot;:{&quot;categoryLabel&quot;:&quot;womanclothe&quot;} }">가방/잡화</a></li> </ul></div></li>     <li class="second-depth-list"><a href="/np/categories/187069" data-log-props="{ &quot;id&quot;:&quot;category_menu&quot;, &quot;param&quot;:{&quot;categoryLabel&quot;:&quot;womanclothe&quot;} }">남성패션 <i class="depth-select-icon"></i></a><div class="third-depth-list"><ul>  <li><a href="/np/categories/498917" data-log-props="{ &quot;id&quot;:&quot;category_menu&quot;, &quot;param&quot;:{&quot;categoryLabel&quot;:&quot;womanclothe&quot;} }">의류</a></li>   <li><a href="/np/categories/498974" data-log-props="{ &quot;id&quot;:&quot;category_menu&quot;, &quot;param&quot;:{&quot;categoryLabel&quot;:&quot;womanclothe&quot;} }">신발</a></li>   <li><a href="/np/categories/499007" data-log-props="{ &quot;id&quot;:&quot;category_menu&quot;, &quot;param&quot;:{&quot;categoryLabel&quot;:&quot;womanclothe&quot;} }">가방/잡화</a></li> </ul></div></li>     <li class="second-depth-list"><a href="/np/categories/502993" data-log-props="{ &quot;id&quot;:&quot;category_menu&quot;, &quot;param&quot;:{&quot;categoryLabel&quot;:&quot;womanclothe&quot;} }">남녀 공용 의류 <i class="depth-select-icon"></i></a><div class="third-depth-list"><ul>  <li><a href="/np/categories/502994" data-log-props="{ &quot;id&quot;:&quot;category_menu&quot;, &quot;param&quot;:{&quot;categoryLabel&quot;:&quot;womanclothe&quot;} }">티셔츠</a></li>   <li><a href="/np/categories/502995" data-log-props="{ &quot;id&quot;:&quot;category_menu&quot;, &quot;param&quot;:{&quot;categoryLabel&quot;:&quot;womanclothe&quot;} }">맨투맨/후드티</a></li>   <li><a href="/np/categories/502998" data-log-props="{ &quot;id&quot;:&quot;category_menu&quot;, &quot;param&quot;:{&quot;categoryLabel&quot;:&quot;womanclothe&quot;} }">셔츠</a></li>   <li><a href="/np/categories/502999" data-log-props="{ &quot;id&quot;:&quot;category_menu&quot;, &quot;param&quot;:{&quot;categoryLabel&quot;:&quot;womanclothe&quot;} }">바지</a></li>   <li><a href="/np/categories/503000" data-log-props="{ &quot;id&quot;:&quot;category_menu&quot;, &quot;param&quot;:{&quot;categoryLabel&quot;:&quot;womanclothe&quot;} }">트레이닝복</a></li>   <li><a href="/np/categories/503001" data-log-props="{ &quot;id&quot;:&quot;category_menu&quot;, &quot;param&quot;:{&quot;categoryLabel&quot;:&quot;womanclothe&quot;} }">후드집업/집업류</a></li>   <li><a href="/np/categories/503002" data-log-props="{ &quot;id&quot;:&quot;category_menu&quot;, &quot;param&quot;:{&quot;categoryLabel&quot;:&quot;womanclothe&quot;} }">니트류/조끼</a></li>   <li><a href="/np/categories/503006" data-log-props="{ &quot;id&quot;:&quot;category_menu&quot;, &quot;param&quot;:{&quot;categoryLabel&quot;:&quot;womanclothe&quot;} }">아우터</a></li>   <li><a href="/np/categories/503010" data-log-props="{ &quot;id&quot;:&quot;category_menu&quot;, &quot;param&quot;:{&quot;categoryLabel&quot;:&quot;womanclothe&quot;} }">테마의류</a></li>   <li><a href="/np/categories/503013" data-log-props="{ &quot;id&quot;:&quot;category_menu&quot;, &quot;param&quot;:{&quot;categoryLabel&quot;:&quot;womanclothe&quot;} }">커플룩/패밀리룩</a></li>   <li><a href="/np/categories/509288" data-log-props="{ &quot;id&quot;:&quot;category_menu&quot;, &quot;param&quot;:{&quot;categoryLabel&quot;:&quot;womanclothe&quot;} }">빅사이즈</a></li>   <li><a href="/np/categories/565393" data-log-props="{ &quot;id&quot;:&quot;category_menu&quot;, &quot;param&quot;:{&quot;categoryLabel&quot;:&quot;womanclothe&quot;} }">스포츠의류</a></li> </ul></div></li>     <li class="second-depth-list"><a href="/np/categories/565063" data-log-props="{ &quot;id&quot;:&quot;category_menu&quot;, &quot;param&quot;:{&quot;categoryLabel&quot;:&quot;womanclothe&quot;} }">속옷/잠옷 <i class="depth-select-icon"></i></a><div class="third-depth-list"><ul>  <li><a href="/np/categories/565064" data-log-props="{ &quot;id&quot;:&quot;category_menu&quot;, &quot;param&quot;:{&quot;categoryLabel&quot;:&quot;womanclothe&quot;} }">여성 속옷</a></li>   <li><a href="/np/categories/565081" data-log-props="{ &quot;id&quot;:&quot;category_menu&quot;, &quot;param&quot;:{&quot;categoryLabel&quot;:&quot;womanclothe&quot;} }">남성 속옷</a></li>   <li><a href="/np/categories/565091" data-log-props="{ &quot;id&quot;:&quot;category_menu&quot;, &quot;param&quot;:{&quot;categoryLabel&quot;:&quot;womanclothe&quot;} }">기타 속옷 용품</a></li>   <li><a href="/np/categories/565094" data-log-props="{ &quot;id&quot;:&quot;category_menu&quot;, &quot;param&quot;:{&quot;categoryLabel&quot;:&quot;womanclothe&quot;} }">잠옷/파자마</a></li> </ul></div></li>     <li class="second-depth-list"><a href="/np/campaigns/20497" data-log-props="{ &quot;id&quot;:&quot;category_menu&quot;, &quot;param&quot;:{&quot;categoryLabel&quot;:&quot;womanclothe&quot;} }">신발 </a><div class="third-depth-list"><ul></ul></div></li>     <li class="second-depth-list"><a href="/np/campaigns/20495" data-log-props="{ &quot;id&quot;:&quot;category_menu&quot;, &quot;param&quot;:{&quot;categoryLabel&quot;:&quot;womanclothe&quot;} }">가방/잡화 </a><div class="third-depth-list"><ul></ul></div></li>     <li class="second-depth-list"><a href="/np/categories/213201" data-log-props="{ &quot;id&quot;:&quot;category_menu&quot;, &quot;param&quot;:{&quot;categoryLabel&quot;:&quot;womanclothe&quot;} }">유아동패션 <i class="depth-select-icon"></i></a><div class="third-depth-list"><ul>  <li><a href="/np/categories/499090" data-log-props="{ &quot;id&quot;:&quot;category_menu&quot;, &quot;param&quot;:{&quot;categoryLabel&quot;:&quot;womanclothe&quot;} }">베이비</a></li>   <li><a href="/np/categories/499116" data-log-props="{ &quot;id&quot;:&quot;category_menu&quot;, &quot;param&quot;:{&quot;categoryLabel&quot;:&quot;womanclothe&quot;} }">여아</a></li>   <li><a href="/np/categories/499186" data-log-props="{ &quot;id&quot;:&quot;category_menu&quot;, &quot;param&quot;:{&quot;categoryLabel&quot;:&quot;womanclothe&quot;} }">남아</a></li> </ul></div></li>  </ul>
<span class="gnb-banner" style="background: #FFF">
<a class="category-banner-button" href="https://pages.coupang.com/p/134974" title="패션의류/잡화" data-log-props="{ &quot;id&quot;:&quot;category_menu_banner&quot;, &quot;param&quot;:{&quot;categoryLabel&quot;:&quot;womanclothe&quot;} }">패션의류/잡화</a>
		<img alt="패션의류/잡화" data-banner-src="//image10.coupangcdn.com/image/displayitem/displayitem_c519ca78-6cd9-4943-b4f3-ed153939721a.jpg" class="category-banner-image">
</span>

</div></div></li>







        <li class="beauty"><a href="/np/categories/176522" class="first-depth" data-log-props="{ &quot;id&quot;:&quot;category_menu&quot;, &quot;param&quot;:{&quot;categoryLabel&quot;:&quot;beauty&quot;} }">뷰티<i class="select-icon"></i></a><div class="depth"><div class="depth-list banner third"><ul>   <li class="second-depth-list"><a href="/np/campaigns/18530" data-log-props="{ &quot;id&quot;:&quot;category_menu&quot;, &quot;param&quot;:{&quot;categoryLabel&quot;:&quot;beauty&quot;} }">럭셔리뷰티 </a><div class="third-depth-list"><ul></ul></div></li>     <li class="second-depth-list"><a href="/np/categories/176530" data-log-props="{ &quot;id&quot;:&quot;category_menu&quot;, &quot;param&quot;:{&quot;categoryLabel&quot;:&quot;beauty&quot;} }">스킨케어 <i class="depth-select-icon"></i></a><div class="third-depth-list"><ul>  <li><a href="/np/categories/486248" data-log-props="{ &quot;id&quot;:&quot;category_menu&quot;, &quot;param&quot;:{&quot;categoryLabel&quot;:&quot;beauty&quot;} }">스킨</a></li>   <li><a href="/np/categories/486249" data-log-props="{ &quot;id&quot;:&quot;category_menu&quot;, &quot;param&quot;:{&quot;categoryLabel&quot;:&quot;beauty&quot;} }">로션</a></li>   <li><a href="/np/categories/486250" data-log-props="{ &quot;id&quot;:&quot;category_menu&quot;, &quot;param&quot;:{&quot;categoryLabel&quot;:&quot;beauty&quot;} }">에센스/세럼/앰플</a></li>   <li><a href="/np/categories/486251" data-log-props="{ &quot;id&quot;:&quot;category_menu&quot;, &quot;param&quot;:{&quot;categoryLabel&quot;:&quot;beauty&quot;} }">미스트</a></li>   <li><a href="/np/categories/486252" data-log-props="{ &quot;id&quot;:&quot;category_menu&quot;, &quot;param&quot;:{&quot;categoryLabel&quot;:&quot;beauty&quot;} }">오일</a></li>   <li><a href="/np/categories/486253" data-log-props="{ &quot;id&quot;:&quot;category_menu&quot;, &quot;param&quot;:{&quot;categoryLabel&quot;:&quot;beauty&quot;} }">크림/올인원</a></li>   <li><a href="/np/categories/486254" data-log-props="{ &quot;id&quot;:&quot;category_menu&quot;, &quot;param&quot;:{&quot;categoryLabel&quot;:&quot;beauty&quot;} }">기초세트</a></li>   <li><a href="/np/categories/176554" data-log-props="{ &quot;id&quot;:&quot;category_menu&quot;, &quot;param&quot;:{&quot;categoryLabel&quot;:&quot;beauty&quot;} }">마스크/팩</a></li>   <li><a href="/np/categories/176563" data-log-props="{ &quot;id&quot;:&quot;category_menu&quot;, &quot;param&quot;:{&quot;categoryLabel&quot;:&quot;beauty&quot;} }">선케어/태닝</a></li> </ul></div></li>     <li class="second-depth-list"><a href="/np/categories/509393" data-log-props="{ &quot;id&quot;:&quot;category_menu&quot;, &quot;param&quot;:{&quot;categoryLabel&quot;:&quot;beauty&quot;} }">클린/비건뷰티 <i class="depth-select-icon"></i></a><div class="third-depth-list"><ul>  <li><a href="/np/categories/509394" data-log-props="{ &quot;id&quot;:&quot;category_menu&quot;, &quot;param&quot;:{&quot;categoryLabel&quot;:&quot;beauty&quot;} }">스킨케어</a></li>   <li><a href="/np/categories/509395" data-log-props="{ &quot;id&quot;:&quot;category_menu&quot;, &quot;param&quot;:{&quot;categoryLabel&quot;:&quot;beauty&quot;} }">메이크업</a></li>   <li><a href="/np/categories/509396" data-log-props="{ &quot;id&quot;:&quot;category_menu&quot;, &quot;param&quot;:{&quot;categoryLabel&quot;:&quot;beauty&quot;} }">네일&amp;툴</a></li> </ul></div></li>     <li class="second-depth-list"><a href="/np/categories/486551" data-log-props="{ &quot;id&quot;:&quot;category_menu&quot;, &quot;param&quot;:{&quot;categoryLabel&quot;:&quot;beauty&quot;} }">클렌징/필링 <i class="depth-select-icon"></i></a><div class="third-depth-list"><ul>  <li><a href="/np/categories/486559" data-log-props="{ &quot;id&quot;:&quot;category_menu&quot;, &quot;param&quot;:{&quot;categoryLabel&quot;:&quot;beauty&quot;} }">클렌징 폼</a></li>   <li><a href="/np/categories/486560" data-log-props="{ &quot;id&quot;:&quot;category_menu&quot;, &quot;param&quot;:{&quot;categoryLabel&quot;:&quot;beauty&quot;} }">클렌징 젤/파우더</a></li>   <li><a href="/np/categories/486561" data-log-props="{ &quot;id&quot;:&quot;category_menu&quot;, &quot;param&quot;:{&quot;categoryLabel&quot;:&quot;beauty&quot;} }">클렌징 비누</a></li>   <li><a href="/np/categories/486562" data-log-props="{ &quot;id&quot;:&quot;category_menu&quot;, &quot;param&quot;:{&quot;categoryLabel&quot;:&quot;beauty&quot;} }">클렌징 오일</a></li>   <li><a href="/np/categories/486563" data-log-props="{ &quot;id&quot;:&quot;category_menu&quot;, &quot;param&quot;:{&quot;categoryLabel&quot;:&quot;beauty&quot;} }">클렌징 워터</a></li>   <li><a href="/np/categories/486564" data-log-props="{ &quot;id&quot;:&quot;category_menu&quot;, &quot;param&quot;:{&quot;categoryLabel&quot;:&quot;beauty&quot;} }">립/아이리무버</a></li>   <li><a href="/np/categories/486565" data-log-props="{ &quot;id&quot;:&quot;category_menu&quot;, &quot;param&quot;:{&quot;categoryLabel&quot;:&quot;beauty&quot;} }">클렌징 티슈/시트</a></li>   <li><a href="/np/categories/486566" data-log-props="{ &quot;id&quot;:&quot;category_menu&quot;, &quot;param&quot;:{&quot;categoryLabel&quot;:&quot;beauty&quot;} }">클렌징밤/크림/로션</a></li>   <li><a href="/np/categories/486567" data-log-props="{ &quot;id&quot;:&quot;category_menu&quot;, &quot;param&quot;:{&quot;categoryLabel&quot;:&quot;beauty&quot;} }">클렌징세트</a></li>   <li><a href="/np/categories/486568" data-log-props="{ &quot;id&quot;:&quot;category_menu&quot;, &quot;param&quot;:{&quot;categoryLabel&quot;:&quot;beauty&quot;} }">스크럽/필링</a></li> </ul></div></li>     <li class="second-depth-list"><a href="/np/campaigns/7642" data-log-props="{ &quot;id&quot;:&quot;category_menu&quot;, &quot;param&quot;:{&quot;categoryLabel&quot;:&quot;beauty&quot;} }">더마코스메틱 </a><div class="third-depth-list"><ul></ul></div></li>     <li class="second-depth-list"><a href="/np/categories/176573" data-log-props="{ &quot;id&quot;:&quot;category_menu&quot;, &quot;param&quot;:{&quot;categoryLabel&quot;:&quot;beauty&quot;} }">메이크업 <i class="depth-select-icon"></i></a><div class="third-depth-list"><ul>  <li><a href="/np/categories/176587" data-log-props="{ &quot;id&quot;:&quot;category_menu&quot;, &quot;param&quot;:{&quot;categoryLabel&quot;:&quot;beauty&quot;} }">베이스 메이크업</a></li>   <li><a href="/np/categories/176574" data-log-props="{ &quot;id&quot;:&quot;category_menu&quot;, &quot;param&quot;:{&quot;categoryLabel&quot;:&quot;beauty&quot;} }">아이 메이크업</a></li>   <li><a href="/np/categories/176581" data-log-props="{ &quot;id&quot;:&quot;category_menu&quot;, &quot;param&quot;:{&quot;categoryLabel&quot;:&quot;beauty&quot;} }">립 메이크업</a></li>   <li><a href="/np/categories/176594" data-log-props="{ &quot;id&quot;:&quot;category_menu&quot;, &quot;param&quot;:{&quot;categoryLabel&quot;:&quot;beauty&quot;} }">치크메이크업</a></li>   <li><a href="/np/categories/405199" data-log-props="{ &quot;id&quot;:&quot;category_menu&quot;, &quot;param&quot;:{&quot;categoryLabel&quot;:&quot;beauty&quot;} }">멀티메이크업</a></li>   <li><a href="/np/categories/405203" data-log-props="{ &quot;id&quot;:&quot;category_menu&quot;, &quot;param&quot;:{&quot;categoryLabel&quot;:&quot;beauty&quot;} }">바디메이크업</a></li> </ul></div></li>     <li class="second-depth-list"><a href="/np/categories/176598" data-log-props="{ &quot;id&quot;:&quot;category_menu&quot;, &quot;param&quot;:{&quot;categoryLabel&quot;:&quot;beauty&quot;} }">향수 <i class="depth-select-icon"></i></a><div class="third-depth-list"><ul>  <li><a href="/np/categories/176599" data-log-props="{ &quot;id&quot;:&quot;category_menu&quot;, &quot;param&quot;:{&quot;categoryLabel&quot;:&quot;beauty&quot;} }">여성향수</a></li>   <li><a href="/np/categories/176600" data-log-props="{ &quot;id&quot;:&quot;category_menu&quot;, &quot;param&quot;:{&quot;categoryLabel&quot;:&quot;beauty&quot;} }">남성향수</a></li>   <li><a href="/np/categories/509383" data-log-props="{ &quot;id&quot;:&quot;category_menu&quot;, &quot;param&quot;:{&quot;categoryLabel&quot;:&quot;beauty&quot;} }">남녀공용향수</a></li>   <li><a href="/np/categories/509384" data-log-props="{ &quot;id&quot;:&quot;category_menu&quot;, &quot;param&quot;:{&quot;categoryLabel&quot;:&quot;beauty&quot;} }">고체향수</a></li>   <li><a href="/np/categories/176601" data-log-props="{ &quot;id&quot;:&quot;category_menu&quot;, &quot;param&quot;:{&quot;categoryLabel&quot;:&quot;beauty&quot;} }">드레스퍼퓸</a></li> </ul></div></li>     <li class="second-depth-list"><a href="/np/categories/176839" data-log-props="{ &quot;id&quot;:&quot;category_menu&quot;, &quot;param&quot;:{&quot;categoryLabel&quot;:&quot;beauty&quot;} }">남성화장품 <i class="depth-select-icon"></i></a><div class="third-depth-list"><ul>  <li><a href="/np/categories/176840" data-log-props="{ &quot;id&quot;:&quot;category_menu&quot;, &quot;param&quot;:{&quot;categoryLabel&quot;:&quot;beauty&quot;} }">남성스킨케어</a></li>   <li><a href="/np/categories/176843" data-log-props="{ &quot;id&quot;:&quot;category_menu&quot;, &quot;param&quot;:{&quot;categoryLabel&quot;:&quot;beauty&quot;} }">남성메이크업</a></li>   <li><a href="/np/categories/176846" data-log-props="{ &quot;id&quot;:&quot;category_menu&quot;, &quot;param&quot;:{&quot;categoryLabel&quot;:&quot;beauty&quot;} }">남성화장품세트</a></li>   <li><a href="/np/categories/176847" data-log-props="{ &quot;id&quot;:&quot;category_menu&quot;, &quot;param&quot;:{&quot;categoryLabel&quot;:&quot;beauty&quot;} }">남성 헤어케어</a></li>   <li><a href="/np/categories/176850" data-log-props="{ &quot;id&quot;:&quot;category_menu&quot;, &quot;param&quot;:{&quot;categoryLabel&quot;:&quot;beauty&quot;} }">남성 바디케어</a></li>   <li><a href="/np/categories/176854" data-log-props="{ &quot;id&quot;:&quot;category_menu&quot;, &quot;param&quot;:{&quot;categoryLabel&quot;:&quot;beauty&quot;} }">남성 쉐이빙 케어</a></li> </ul></div></li>     <li class="second-depth-list"><a href="/np/categories/176763" data-log-props="{ &quot;id&quot;:&quot;category_menu&quot;, &quot;param&quot;:{&quot;categoryLabel&quot;:&quot;beauty&quot;} }">네일 <i class="depth-select-icon"></i></a><div class="third-depth-list"><ul>  <li><a href="/np/categories/427310" data-log-props="{ &quot;id&quot;:&quot;category_menu&quot;, &quot;param&quot;:{&quot;categoryLabel&quot;:&quot;beauty&quot;} }">네일팁/페디팁/스티커</a></li>   <li><a href="/np/categories/176767" data-log-props="{ &quot;id&quot;:&quot;category_menu&quot;, &quot;param&quot;:{&quot;categoryLabel&quot;:&quot;beauty&quot;} }">일반네일</a></li>   <li><a href="/np/categories/176772" data-log-props="{ &quot;id&quot;:&quot;category_menu&quot;, &quot;param&quot;:{&quot;categoryLabel&quot;:&quot;beauty&quot;} }">젤네일</a></li>   <li><a href="/np/categories/176764" data-log-props="{ &quot;id&quot;:&quot;category_menu&quot;, &quot;param&quot;:{&quot;categoryLabel&quot;:&quot;beauty&quot;} }">케어/영양/리무버</a></li>   <li><a href="/np/categories/176780" data-log-props="{ &quot;id&quot;:&quot;category_menu&quot;, &quot;param&quot;:{&quot;categoryLabel&quot;:&quot;beauty&quot;} }">네일케어도구</a></li>   <li><a href="/np/categories/176789" data-log-props="{ &quot;id&quot;:&quot;category_menu&quot;, &quot;param&quot;:{&quot;categoryLabel&quot;:&quot;beauty&quot;} }">네일아트소품/도구</a></li>   <li><a href="/np/categories/176806" data-log-props="{ &quot;id&quot;:&quot;category_menu&quot;, &quot;param&quot;:{&quot;categoryLabel&quot;:&quot;beauty&quot;} }">네일세트</a></li> </ul></div></li>     <li class="second-depth-list"><a href="/np/categories/176807" data-log-props="{ &quot;id&quot;:&quot;category_menu&quot;, &quot;param&quot;:{&quot;categoryLabel&quot;:&quot;beauty&quot;} }">뷰티소품 <i class="depth-select-icon"></i></a><div class="third-depth-list"><ul>  <li><a href="/np/categories/176808" data-log-props="{ &quot;id&quot;:&quot;category_menu&quot;, &quot;param&quot;:{&quot;categoryLabel&quot;:&quot;beauty&quot;} }">화장솜/면봉</a></li>   <li><a href="/np/categories/176811" data-log-props="{ &quot;id&quot;:&quot;category_menu&quot;, &quot;param&quot;:{&quot;categoryLabel&quot;:&quot;beauty&quot;} }">아이소품</a></li>   <li><a href="/np/categories/176817" data-log-props="{ &quot;id&quot;:&quot;category_menu&quot;, &quot;param&quot;:{&quot;categoryLabel&quot;:&quot;beauty&quot;} }">페이스소품</a></li>   <li><a href="/np/categories/176822" data-log-props="{ &quot;id&quot;:&quot;category_menu&quot;, &quot;param&quot;:{&quot;categoryLabel&quot;:&quot;beauty&quot;} }">클렌징소품</a></li>   <li><a href="/np/categories/176826" data-log-props="{ &quot;id&quot;:&quot;category_menu&quot;, &quot;param&quot;:{&quot;categoryLabel&quot;:&quot;beauty&quot;} }">헤어소품</a></li>   <li><a href="/np/categories/281731" data-log-props="{ &quot;id&quot;:&quot;category_menu&quot;, &quot;param&quot;:{&quot;categoryLabel&quot;:&quot;beauty&quot;} }">피부관리기</a></li>   <li><a href="/np/categories/176832" data-log-props="{ &quot;id&quot;:&quot;category_menu&quot;, &quot;param&quot;:{&quot;categoryLabel&quot;:&quot;beauty&quot;} }">용기/거울/기타소품</a></li> </ul></div></li>     <li class="second-depth-list"><a href="/np/categories/403012" data-log-props="{ &quot;id&quot;:&quot;category_menu&quot;, &quot;param&quot;:{&quot;categoryLabel&quot;:&quot;beauty&quot;} }">어린이화장품 <i class="depth-select-icon"></i></a><div class="third-depth-list"><ul>  <li><a href="/np/categories/403013" data-log-props="{ &quot;id&quot;:&quot;category_menu&quot;, &quot;param&quot;:{&quot;categoryLabel&quot;:&quot;beauty&quot;} }">메이크업</a></li>   <li><a href="/np/categories/403014" data-log-props="{ &quot;id&quot;:&quot;category_menu&quot;, &quot;param&quot;:{&quot;categoryLabel&quot;:&quot;beauty&quot;} }">향수</a></li>   <li><a href="/np/categories/403015" data-log-props="{ &quot;id&quot;:&quot;category_menu&quot;, &quot;param&quot;:{&quot;categoryLabel&quot;:&quot;beauty&quot;} }">네일케어</a></li>   <li><a href="/np/categories/403016" data-log-props="{ &quot;id&quot;:&quot;category_menu&quot;, &quot;param&quot;:{&quot;categoryLabel&quot;:&quot;beauty&quot;} }">세트/키트</a></li> </ul></div></li>     <li class="second-depth-list"><a href="/np/campaigns/4999" data-log-props="{ &quot;id&quot;:&quot;category_menu&quot;, &quot;param&quot;:{&quot;categoryLabel&quot;:&quot;beauty&quot;} }">로드샵 </a><div class="third-depth-list"><ul></ul></div></li>     <li class="second-depth-list"><a href="/np/categories/176602" data-log-props="{ &quot;id&quot;:&quot;category_menu&quot;, &quot;param&quot;:{&quot;categoryLabel&quot;:&quot;beauty&quot;} }">헤어 <i class="depth-select-icon"></i></a><div class="third-depth-list"><ul>  <li><a href="/np/categories/403017" data-log-props="{ &quot;id&quot;:&quot;category_menu&quot;, &quot;param&quot;:{&quot;categoryLabel&quot;:&quot;beauty&quot;} }">샴푸</a></li>   <li><a href="/np/categories/403024" data-log-props="{ &quot;id&quot;:&quot;category_menu&quot;, &quot;param&quot;:{&quot;categoryLabel&quot;:&quot;beauty&quot;} }">린스/컨디셔너</a></li>   <li><a href="/np/categories/176631" data-log-props="{ &quot;id&quot;:&quot;category_menu&quot;, &quot;param&quot;:{&quot;categoryLabel&quot;:&quot;beauty&quot;} }">트리트먼트/팩/앰플</a></li>   <li><a href="/np/categories/403030" data-log-props="{ &quot;id&quot;:&quot;category_menu&quot;, &quot;param&quot;:{&quot;categoryLabel&quot;:&quot;beauty&quot;} }">헤어에센스/오일</a></li>   <li><a href="/np/categories/403031" data-log-props="{ &quot;id&quot;:&quot;category_menu&quot;, &quot;param&quot;:{&quot;categoryLabel&quot;:&quot;beauty&quot;} }">헤어스타일링</a></li>   <li><a href="/np/categories/403032" data-log-props="{ &quot;id&quot;:&quot;category_menu&quot;, &quot;param&quot;:{&quot;categoryLabel&quot;:&quot;beauty&quot;} }">헤어세트</a></li>   <li><a href="/np/categories/176653" data-log-props="{ &quot;id&quot;:&quot;category_menu&quot;, &quot;param&quot;:{&quot;categoryLabel&quot;:&quot;beauty&quot;} }">염색/파마</a></li> </ul></div></li>     <li class="second-depth-list"><a href="/np/categories/176699" data-log-props="{ &quot;id&quot;:&quot;category_menu&quot;, &quot;param&quot;:{&quot;categoryLabel&quot;:&quot;beauty&quot;} }">바디 <i class="depth-select-icon"></i></a><div class="third-depth-list"><ul>  <li><a href="/np/categories/176700" data-log-props="{ &quot;id&quot;:&quot;category_menu&quot;, &quot;param&quot;:{&quot;categoryLabel&quot;:&quot;beauty&quot;} }">샤워/입욕용품</a></li>   <li><a href="/np/categories/176710" data-log-props="{ &quot;id&quot;:&quot;category_menu&quot;, &quot;param&quot;:{&quot;categoryLabel&quot;:&quot;beauty&quot;} }">바디로션/크림</a></li>   <li><a href="/np/categories/176719" data-log-props="{ &quot;id&quot;:&quot;category_menu&quot;, &quot;param&quot;:{&quot;categoryLabel&quot;:&quot;beauty&quot;} }">핸드/풋/데오</a></li>   <li><a href="/np/categories/176744" data-log-props="{ &quot;id&quot;:&quot;category_menu&quot;, &quot;param&quot;:{&quot;categoryLabel&quot;:&quot;beauty&quot;} }">제모/슬리밍/청결제</a></li> </ul></div></li>     <li class="second-depth-list"><a href="/np/categories/176963" data-log-props="{ &quot;id&quot;:&quot;category_menu&quot;, &quot;param&quot;:{&quot;categoryLabel&quot;:&quot;beauty&quot;} }">선물세트/키트 <i class="depth-select-icon"></i></a><div class="third-depth-list"><ul>  <li><a href="/np/categories/176964" data-log-props="{ &quot;id&quot;:&quot;category_menu&quot;, &quot;param&quot;:{&quot;categoryLabel&quot;:&quot;beauty&quot;} }">선물세트</a></li>   <li><a href="/np/categories/176974" data-log-props="{ &quot;id&quot;:&quot;category_menu&quot;, &quot;param&quot;:{&quot;categoryLabel&quot;:&quot;beauty&quot;} }">여행용키트</a></li> </ul></div></li>  </ul>
<span class="gnb-banner" style="background: #FFF">
<a class="category-banner-button" href="https://pages.coupang.com/p/139647" title="W22 드럭스토어" data-log-props="{ &quot;id&quot;:&quot;category_menu_banner&quot;, &quot;param&quot;:{&quot;categoryLabel&quot;:&quot;beauty&quot;} }">뷰티</a>
		<img alt="W22 드럭스토어" data-banner-src="//image10.coupangcdn.com/image/displayitem/displayitem_35a92779-3d12-4739-8228-9bdb3a04de59.jpg" class="category-banner-image">
</span>

</div></div></li>







        <li class="child-birth"><a href="/np/categories/221934" class="first-depth" data-log-props="{ &quot;id&quot;:&quot;category_menu&quot;, &quot;param&quot;:{&quot;categoryLabel&quot;:&quot;baby&quot;} }">출산/유아동<i class="select-icon"></i></a><div class="depth"><div class="depth-list banner third"><ul>   <li class="second-depth-list"><a href="/np/categories/508565" data-log-props="{ &quot;id&quot;:&quot;category_menu&quot;, &quot;param&quot;:{&quot;categoryLabel&quot;:&quot;baby&quot;} }">유아동패션 <i class="depth-select-icon"></i></a><div class="third-depth-list"><ul>  <li><a href="/np/categories/508566" data-log-props="{ &quot;id&quot;:&quot;category_menu&quot;, &quot;param&quot;:{&quot;categoryLabel&quot;:&quot;baby&quot;} }">베이비</a></li>   <li><a href="/np/categories/508592" data-log-props="{ &quot;id&quot;:&quot;category_menu&quot;, &quot;param&quot;:{&quot;categoryLabel&quot;:&quot;baby&quot;} }">여아</a></li>   <li><a href="/np/categories/508663" data-log-props="{ &quot;id&quot;:&quot;category_menu&quot;, &quot;param&quot;:{&quot;categoryLabel&quot;:&quot;baby&quot;} }">남아</a></li> </ul></div></li>     <li class="second-depth-list"><a href="/np/categories/485952" data-log-props="{ &quot;id&quot;:&quot;category_menu&quot;, &quot;param&quot;:{&quot;categoryLabel&quot;:&quot;baby&quot;} }">기저귀 <i class="depth-select-icon"></i></a><div class="third-depth-list"><ul>  <li><a href="/np/categories/485953" data-log-props="{ &quot;id&quot;:&quot;category_menu&quot;, &quot;param&quot;:{&quot;categoryLabel&quot;:&quot;baby&quot;} }">일회용기저귀</a></li>   <li><a href="/np/categories/485957" data-log-props="{ &quot;id&quot;:&quot;category_menu&quot;, &quot;param&quot;:{&quot;categoryLabel&quot;:&quot;baby&quot;} }">수영장기저귀</a></li>   <li><a href="/np/categories/485958" data-log-props="{ &quot;id&quot;:&quot;category_menu&quot;, &quot;param&quot;:{&quot;categoryLabel&quot;:&quot;baby&quot;} }">천기저귀/액세서리</a></li>   <li><a href="/np/categories/485962" data-log-props="{ &quot;id&quot;:&quot;category_menu&quot;, &quot;param&quot;:{&quot;categoryLabel&quot;:&quot;baby&quot;} }">배변훈련팬티</a></li>   <li><a href="/np/categories/485963" data-log-props="{ &quot;id&quot;:&quot;category_menu&quot;, &quot;param&quot;:{&quot;categoryLabel&quot;:&quot;baby&quot;} }">기저귀케익</a></li>   <li><a href="/np/categories/485964" data-log-props="{ &quot;id&quot;:&quot;category_menu&quot;, &quot;param&quot;:{&quot;categoryLabel&quot;:&quot;baby&quot;} }">기저귀크림/파우더</a></li>   <li><a href="/np/categories/485968" data-log-props="{ &quot;id&quot;:&quot;category_menu&quot;, &quot;param&quot;:{&quot;categoryLabel&quot;:&quot;baby&quot;} }">기저귀정리함</a></li>   <li><a href="/np/categories/485969" data-log-props="{ &quot;id&quot;:&quot;category_menu&quot;, &quot;param&quot;:{&quot;categoryLabel&quot;:&quot;baby&quot;} }">기저귀매트</a></li>   <li><a href="/np/categories/485973" data-log-props="{ &quot;id&quot;:&quot;category_menu&quot;, &quot;param&quot;:{&quot;categoryLabel&quot;:&quot;baby&quot;} }">기저귀통/봉투</a></li>   <li><a href="/np/categories/485976" data-log-props="{ &quot;id&quot;:&quot;category_menu&quot;, &quot;param&quot;:{&quot;categoryLabel&quot;:&quot;baby&quot;} }">기저귀가방</a></li> </ul></div></li>     <li class="second-depth-list"><a href="/np/categories/485979" data-log-props="{ &quot;id&quot;:&quot;category_menu&quot;, &quot;param&quot;:{&quot;categoryLabel&quot;:&quot;baby&quot;} }">물티슈 <i class="depth-select-icon"></i></a><div class="third-depth-list"><ul>  <li><a href="/np/categories/485980" data-log-props="{ &quot;id&quot;:&quot;category_menu&quot;, &quot;param&quot;:{&quot;categoryLabel&quot;:&quot;baby&quot;} }">물티슈</a></li>   <li><a href="/np/categories/485981" data-log-props="{ &quot;id&quot;:&quot;category_menu&quot;, &quot;param&quot;:{&quot;categoryLabel&quot;:&quot;baby&quot;} }">건티슈</a></li>   <li><a href="/np/categories/485982" data-log-props="{ &quot;id&quot;:&quot;category_menu&quot;, &quot;param&quot;:{&quot;categoryLabel&quot;:&quot;baby&quot;} }">물티슈액세서리</a></li> </ul></div></li>     <li class="second-depth-list"><a href="/np/categories/221939" data-log-props="{ &quot;id&quot;:&quot;category_menu&quot;, &quot;param&quot;:{&quot;categoryLabel&quot;:&quot;baby&quot;} }">분유/어린이식품 <i class="depth-select-icon"></i></a><div class="third-depth-list"><ul>  <li><a href="/np/categories/221995" data-log-props="{ &quot;id&quot;:&quot;category_menu&quot;, &quot;param&quot;:{&quot;categoryLabel&quot;:&quot;baby&quot;} }">분유</a></li>   <li><a href="/np/categories/446135" data-log-props="{ &quot;id&quot;:&quot;category_menu&quot;, &quot;param&quot;:{&quot;categoryLabel&quot;:&quot;baby&quot;} }">이유식</a></li>   <li><a href="/np/categories/222036" data-log-props="{ &quot;id&quot;:&quot;category_menu&quot;, &quot;param&quot;:{&quot;categoryLabel&quot;:&quot;baby&quot;} }">미음/죽/분말</a></li>   <li><a href="/np/categories/222043" data-log-props="{ &quot;id&quot;:&quot;category_menu&quot;, &quot;param&quot;:{&quot;categoryLabel&quot;:&quot;baby&quot;} }">양념/식재료</a></li>   <li><a href="/np/categories/222050" data-log-props="{ &quot;id&quot;:&quot;category_menu&quot;, &quot;param&quot;:{&quot;categoryLabel&quot;:&quot;baby&quot;} }">국/반찬</a></li>   <li><a href="/np/categories/403082" data-log-props="{ &quot;id&quot;:&quot;category_menu&quot;, &quot;param&quot;:{&quot;categoryLabel&quot;:&quot;baby&quot;} }">간식/음료</a></li>   <li><a href="/np/categories/510531" data-log-props="{ &quot;id&quot;:&quot;category_menu&quot;, &quot;param&quot;:{&quot;categoryLabel&quot;:&quot;baby&quot;} }">대용식</a></li> </ul></div></li>     <li class="second-depth-list"><a href="/np/categories/509025" data-log-props="{ &quot;id&quot;:&quot;category_menu&quot;, &quot;param&quot;:{&quot;categoryLabel&quot;:&quot;baby&quot;} }">어린이 건강식품 <i class="depth-select-icon"></i></a><div class="third-depth-list"><ul>  <li><a href="/np/categories/509028" data-log-props="{ &quot;id&quot;:&quot;category_menu&quot;, &quot;param&quot;:{&quot;categoryLabel&quot;:&quot;baby&quot;} }">비타민/미네랄</a></li>   <li><a href="/np/categories/509029" data-log-props="{ &quot;id&quot;:&quot;category_menu&quot;, &quot;param&quot;:{&quot;categoryLabel&quot;:&quot;baby&quot;} }">홍삼</a></li>   <li><a href="/np/categories/509030" data-log-props="{ &quot;id&quot;:&quot;category_menu&quot;, &quot;param&quot;:{&quot;categoryLabel&quot;:&quot;baby&quot;} }">칼슘</a></li>   <li><a href="/np/categories/509031" data-log-props="{ &quot;id&quot;:&quot;category_menu&quot;, &quot;param&quot;:{&quot;categoryLabel&quot;:&quot;baby&quot;} }">유산균/초유</a></li>   <li><a href="/np/categories/509032" data-log-props="{ &quot;id&quot;:&quot;category_menu&quot;, &quot;param&quot;:{&quot;categoryLabel&quot;:&quot;baby&quot;} }">오메가</a></li>   <li><a href="/np/categories/509033" data-log-props="{ &quot;id&quot;:&quot;category_menu&quot;, &quot;param&quot;:{&quot;categoryLabel&quot;:&quot;baby&quot;} }">기타 건강식품</a></li> </ul></div></li>     <li class="second-depth-list"><a href="/np/categories/221943" data-log-props="{ &quot;id&quot;:&quot;category_menu&quot;, &quot;param&quot;:{&quot;categoryLabel&quot;:&quot;baby&quot;} }">수유용품 <i class="depth-select-icon"></i></a><div class="third-depth-list"><ul>  <li><a href="/np/categories/485989" data-log-props="{ &quot;id&quot;:&quot;category_menu&quot;, &quot;param&quot;:{&quot;categoryLabel&quot;:&quot;baby&quot;} }">젖병</a></li>   <li><a href="/np/categories/485992" data-log-props="{ &quot;id&quot;:&quot;category_menu&quot;, &quot;param&quot;:{&quot;categoryLabel&quot;:&quot;baby&quot;} }">젖꼭지</a></li>   <li><a href="/np/categories/371307" data-log-props="{ &quot;id&quot;:&quot;category_menu&quot;, &quot;param&quot;:{&quot;categoryLabel&quot;:&quot;baby&quot;} }">노리개젖꼭지</a></li>   <li><a href="/np/categories/371311" data-log-props="{ &quot;id&quot;:&quot;category_menu&quot;, &quot;param&quot;:{&quot;categoryLabel&quot;:&quot;baby&quot;} }">치발기</a></li>   <li><a href="/np/categories/486184" data-log-props="{ &quot;id&quot;:&quot;category_menu&quot;, &quot;param&quot;:{&quot;categoryLabel&quot;:&quot;baby&quot;} }">모유저장팩</a></li>   <li><a href="/np/categories/486186" data-log-props="{ &quot;id&quot;:&quot;category_menu&quot;, &quot;param&quot;:{&quot;categoryLabel&quot;:&quot;baby&quot;} }">분유케이스/저장팩</a></li>   <li><a href="/np/categories/371319" data-log-props="{ &quot;id&quot;:&quot;category_menu&quot;, &quot;param&quot;:{&quot;categoryLabel&quot;:&quot;baby&quot;} }">젖병세척용품</a></li>   <li><a href="/np/categories/371324" data-log-props="{ &quot;id&quot;:&quot;category_menu&quot;, &quot;param&quot;:{&quot;categoryLabel&quot;:&quot;baby&quot;} }">젖병소독기/건조대</a></li>   <li><a href="/np/categories/371327" data-log-props="{ &quot;id&quot;:&quot;category_menu&quot;, &quot;param&quot;:{&quot;categoryLabel&quot;:&quot;baby&quot;} }">분유보관용기</a></li>   <li><a href="/np/categories/371328" data-log-props="{ &quot;id&quot;:&quot;category_menu&quot;, &quot;param&quot;:{&quot;categoryLabel&quot;:&quot;baby&quot;} }">수유패드</a></li>   <li><a href="/np/categories/371329" data-log-props="{ &quot;id&quot;:&quot;category_menu&quot;, &quot;param&quot;:{&quot;categoryLabel&quot;:&quot;baby&quot;} }">유축기</a></li>   <li><a href="/np/categories/371330" data-log-props="{ &quot;id&quot;:&quot;category_menu&quot;, &quot;param&quot;:{&quot;categoryLabel&quot;:&quot;baby&quot;} }">모유촉진제</a></li>   <li><a href="/np/categories/371331" data-log-props="{ &quot;id&quot;:&quot;category_menu&quot;, &quot;param&quot;:{&quot;categoryLabel&quot;:&quot;baby&quot;} }">유두보호/젖몸살용품</a></li>  <li class="more-category"><a href="/np/categories/221943">더보기</a></li>              </ul></div></li>     <li class="second-depth-list"><a href="/np/categories/334841" data-log-props="{ &quot;id&quot;:&quot;category_menu&quot;, &quot;param&quot;:{&quot;categoryLabel&quot;:&quot;baby&quot;} }">이유용품/유아식기 <i class="depth-select-icon"></i></a><div class="third-depth-list"><ul>  <li><a href="/np/categories/334842" data-log-props="{ &quot;id&quot;:&quot;category_menu&quot;, &quot;param&quot;:{&quot;categoryLabel&quot;:&quot;baby&quot;} }">이유식용품</a></li>   <li><a href="/np/categories/334871" data-log-props="{ &quot;id&quot;:&quot;category_menu&quot;, &quot;param&quot;:{&quot;categoryLabel&quot;:&quot;baby&quot;} }">턱받이</a></li>   <li><a href="/np/categories/371346" data-log-props="{ &quot;id&quot;:&quot;category_menu&quot;, &quot;param&quot;:{&quot;categoryLabel&quot;:&quot;baby&quot;} }">빨대컵/유아컵</a></li>   <li><a href="/np/categories/446109" data-log-props="{ &quot;id&quot;:&quot;category_menu&quot;, &quot;param&quot;:{&quot;categoryLabel&quot;:&quot;baby&quot;} }">유아식기/캐릭터식기</a></li>   <li><a href="/np/categories/446119" data-log-props="{ &quot;id&quot;:&quot;category_menu&quot;, &quot;param&quot;:{&quot;categoryLabel&quot;:&quot;baby&quot;} }">도시락/물병/보냉백</a></li>   <li><a href="/np/categories/334854" data-log-props="{ &quot;id&quot;:&quot;category_menu&quot;, &quot;param&quot;:{&quot;categoryLabel&quot;:&quot;baby&quot;} }">스푼/포크/젓가락</a></li>   <li><a href="/np/categories/334873" data-log-props="{ &quot;id&quot;:&quot;category_menu&quot;, &quot;param&quot;:{&quot;categoryLabel&quot;:&quot;baby&quot;} }">유아식탁/부스터</a></li> </ul></div></li>     <li class="second-depth-list"><a href="/np/categories/381717" data-log-props="{ &quot;id&quot;:&quot;category_menu&quot;, &quot;param&quot;:{&quot;categoryLabel&quot;:&quot;baby&quot;} }">아기띠/외출용품 <i class="depth-select-icon"></i></a><div class="third-depth-list"><ul>  <li><a href="/np/categories/509152" data-log-props="{ &quot;id&quot;:&quot;category_menu&quot;, &quot;param&quot;:{&quot;categoryLabel&quot;:&quot;baby&quot;} }">아기띠</a></li>   <li><a href="/np/categories/509153" data-log-props="{ &quot;id&quot;:&quot;category_menu&quot;, &quot;param&quot;:{&quot;categoryLabel&quot;:&quot;baby&quot;} }">올인원 아기띠</a></li>   <li><a href="/np/categories/509154" data-log-props="{ &quot;id&quot;:&quot;category_menu&quot;, &quot;param&quot;:{&quot;categoryLabel&quot;:&quot;baby&quot;} }">힙시트</a></li>   <li><a href="/np/categories/509155" data-log-props="{ &quot;id&quot;:&quot;category_menu&quot;, &quot;param&quot;:{&quot;categoryLabel&quot;:&quot;baby&quot;} }">트레킹캐리어</a></li>   <li><a href="/np/categories/381723" data-log-props="{ &quot;id&quot;:&quot;category_menu&quot;, &quot;param&quot;:{&quot;categoryLabel&quot;:&quot;baby&quot;} }">포대기/처네</a></li>   <li><a href="/np/categories/381724" data-log-props="{ &quot;id&quot;:&quot;category_menu&quot;, &quot;param&quot;:{&quot;categoryLabel&quot;:&quot;baby&quot;} }">슬링</a></li>   <li><a href="/np/categories/381725" data-log-props="{ &quot;id&quot;:&quot;category_menu&quot;, &quot;param&quot;:{&quot;categoryLabel&quot;:&quot;baby&quot;} }">아기띠액세서리</a></li>   <li><a href="/np/categories/403105" data-log-props="{ &quot;id&quot;:&quot;category_menu&quot;, &quot;param&quot;:{&quot;categoryLabel&quot;:&quot;baby&quot;} }">기저귀가방</a></li>   <li><a href="/np/categories/403106" data-log-props="{ &quot;id&quot;:&quot;category_menu&quot;, &quot;param&quot;:{&quot;categoryLabel&quot;:&quot;baby&quot;} }">기저귀/약파우치</a></li>   <li><a href="/np/categories/403107" data-log-props="{ &quot;id&quot;:&quot;category_menu&quot;, &quot;param&quot;:{&quot;categoryLabel&quot;:&quot;baby&quot;} }">보냉백/런치백</a></li> </ul></div></li>     <li class="second-depth-list"><a href="/np/categories/381650" data-log-props="{ &quot;id&quot;:&quot;category_menu&quot;, &quot;param&quot;:{&quot;categoryLabel&quot;:&quot;baby&quot;} }">유모차/웨건 <i class="depth-select-icon"></i></a><div class="third-depth-list"><ul>  <li><a href="/np/categories/381651" data-log-props="{ &quot;id&quot;:&quot;category_menu&quot;, &quot;param&quot;:{&quot;categoryLabel&quot;:&quot;baby&quot;} }">디럭스유모차</a></li>   <li><a href="/np/categories/381652" data-log-props="{ &quot;id&quot;:&quot;category_menu&quot;, &quot;param&quot;:{&quot;categoryLabel&quot;:&quot;baby&quot;} }">절충형유모차</a></li>   <li><a href="/np/categories/381653" data-log-props="{ &quot;id&quot;:&quot;category_menu&quot;, &quot;param&quot;:{&quot;categoryLabel&quot;:&quot;baby&quot;} }">휴대용유모차</a></li>   <li><a href="/np/categories/381654" data-log-props="{ &quot;id&quot;:&quot;category_menu&quot;, &quot;param&quot;:{&quot;categoryLabel&quot;:&quot;baby&quot;} }">쌍둥이유모차</a></li>   <li><a href="/np/categories/381655" data-log-props="{ &quot;id&quot;:&quot;category_menu&quot;, &quot;param&quot;:{&quot;categoryLabel&quot;:&quot;baby&quot;} }">웨건</a></li>   <li><a href="/np/categories/381656" data-log-props="{ &quot;id&quot;:&quot;category_menu&quot;, &quot;param&quot;:{&quot;categoryLabel&quot;:&quot;baby&quot;} }">유모차/웨건액세서리</a></li> </ul></div></li>     <li class="second-depth-list"><a href="/np/categories/381697" data-log-props="{ &quot;id&quot;:&quot;category_menu&quot;, &quot;param&quot;:{&quot;categoryLabel&quot;:&quot;baby&quot;} }">카시트 <i class="depth-select-icon"></i></a><div class="third-depth-list"><ul>  <li><a href="/np/categories/381698" data-log-props="{ &quot;id&quot;:&quot;category_menu&quot;, &quot;param&quot;:{&quot;categoryLabel&quot;:&quot;baby&quot;} }">신생아바구니카시트</a></li>   <li><a href="/np/categories/381699" data-log-props="{ &quot;id&quot;:&quot;category_menu&quot;, &quot;param&quot;:{&quot;categoryLabel&quot;:&quot;baby&quot;} }">영유아카시트</a></li>   <li><a href="/np/categories/381700" data-log-props="{ &quot;id&quot;:&quot;category_menu&quot;, &quot;param&quot;:{&quot;categoryLabel&quot;:&quot;baby&quot;} }">주니어카시트</a></li>   <li><a href="/np/categories/381701" data-log-props="{ &quot;id&quot;:&quot;category_menu&quot;, &quot;param&quot;:{&quot;categoryLabel&quot;:&quot;baby&quot;} }">부스터카시트</a></li>   <li><a href="/np/categories/381702" data-log-props="{ &quot;id&quot;:&quot;category_menu&quot;, &quot;param&quot;:{&quot;categoryLabel&quot;:&quot;baby&quot;} }">카시트액세서리</a></li> </ul></div></li>     <li class="second-depth-list"><a href="/np/categories/221944" data-log-props="{ &quot;id&quot;:&quot;category_menu&quot;, &quot;param&quot;:{&quot;categoryLabel&quot;:&quot;baby&quot;} }">욕실용품/스킨케어 <i class="depth-select-icon"></i></a><div class="third-depth-list"><ul>  <li><a href="/np/categories/222358" data-log-props="{ &quot;id&quot;:&quot;category_menu&quot;, &quot;param&quot;:{&quot;categoryLabel&quot;:&quot;baby&quot;} }">유아워시/샴푸</a></li>   <li><a href="/np/categories/222371" data-log-props="{ &quot;id&quot;:&quot;category_menu&quot;, &quot;param&quot;:{&quot;categoryLabel&quot;:&quot;baby&quot;} }">유아구강케어</a></li>   <li><a href="/np/categories/222352" data-log-props="{ &quot;id&quot;:&quot;category_menu&quot;, &quot;param&quot;:{&quot;categoryLabel&quot;:&quot;baby&quot;} }">유아스킨케어</a></li>   <li><a href="/np/categories/222367" data-log-props="{ &quot;id&quot;:&quot;category_menu&quot;, &quot;param&quot;:{&quot;categoryLabel&quot;:&quot;baby&quot;} }">기저귀크림/파우더</a></li>   <li><a href="/np/categories/403072" data-log-props="{ &quot;id&quot;:&quot;category_menu&quot;, &quot;param&quot;:{&quot;categoryLabel&quot;:&quot;baby&quot;} }">유아욕조/목욕의자</a></li>   <li><a href="/np/categories/222377" data-log-props="{ &quot;id&quot;:&quot;category_menu&quot;, &quot;param&quot;:{&quot;categoryLabel&quot;:&quot;baby&quot;} }">유아목욕용품</a></li>   <li><a href="/np/categories/403075" data-log-props="{ &quot;id&quot;:&quot;category_menu&quot;, &quot;param&quot;:{&quot;categoryLabel&quot;:&quot;baby&quot;} }">유아타올</a></li>   <li><a href="/np/categories/403076" data-log-props="{ &quot;id&quot;:&quot;category_menu&quot;, &quot;param&quot;:{&quot;categoryLabel&quot;:&quot;baby&quot;} }">유아변기</a></li>   <li><a href="/np/categories/222395" data-log-props="{ &quot;id&quot;:&quot;category_menu&quot;, &quot;param&quot;:{&quot;categoryLabel&quot;:&quot;baby&quot;} }">선케어/야외활동케어</a></li>   <li><a href="/np/categories/222399" data-log-props="{ &quot;id&quot;:&quot;category_menu&quot;, &quot;param&quot;:{&quot;categoryLabel&quot;:&quot;baby&quot;} }">어린이화장품</a></li> </ul></div></li>     <li class="second-depth-list"><a href="/np/categories/221945" data-log-props="{ &quot;id&quot;:&quot;category_menu&quot;, &quot;param&quot;:{&quot;categoryLabel&quot;:&quot;baby&quot;} }">위생/건강/세제 <i class="depth-select-icon"></i></a><div class="third-depth-list"><ul>  <li><a href="/np/categories/222402" data-log-props="{ &quot;id&quot;:&quot;category_menu&quot;, &quot;param&quot;:{&quot;categoryLabel&quot;:&quot;baby&quot;} }">위생용품</a></li>   <li><a href="/np/categories/403108" data-log-props="{ &quot;id&quot;:&quot;category_menu&quot;, &quot;param&quot;:{&quot;categoryLabel&quot;:&quot;baby&quot;} }">유아항균지퍼팩</a></li>   <li><a href="/np/categories/403109" data-log-props="{ &quot;id&quot;:&quot;category_menu&quot;, &quot;param&quot;:{&quot;categoryLabel&quot;:&quot;baby&quot;} }">배변훈련팬티</a></li>   <li><a href="/np/categories/222417" data-log-props="{ &quot;id&quot;:&quot;category_menu&quot;, &quot;param&quot;:{&quot;categoryLabel&quot;:&quot;baby&quot;} }">건강용품</a></li>   <li><a href="/np/categories/403110" data-log-props="{ &quot;id&quot;:&quot;category_menu&quot;, &quot;param&quot;:{&quot;categoryLabel&quot;:&quot;baby&quot;} }">유아구강용품</a></li>   <li><a href="/np/categories/222408" data-log-props="{ &quot;id&quot;:&quot;category_menu&quot;, &quot;param&quot;:{&quot;categoryLabel&quot;:&quot;baby&quot;} }">유아세제/세정제</a></li>   <li><a href="/np/categories/403111" data-log-props="{ &quot;id&quot;:&quot;category_menu&quot;, &quot;param&quot;:{&quot;categoryLabel&quot;:&quot;baby&quot;} }">야외활동용품</a></li> </ul></div></li>     <li class="second-depth-list"><a href="/np/categories/221947" data-log-props="{ &quot;id&quot;:&quot;category_menu&quot;, &quot;param&quot;:{&quot;categoryLabel&quot;:&quot;baby&quot;} }">유아가구/인테리어 <i class="depth-select-icon"></i></a><div class="third-depth-list"><ul>  <li><a href="/np/categories/222457" data-log-props="{ &quot;id&quot;:&quot;category_menu&quot;, &quot;param&quot;:{&quot;categoryLabel&quot;:&quot;baby&quot;} }">유아동침대</a></li>   <li><a href="/np/categories/222464" data-log-props="{ &quot;id&quot;:&quot;category_menu&quot;, &quot;param&quot;:{&quot;categoryLabel&quot;:&quot;baby&quot;} }">유아의자/소파</a></li>   <li><a href="/np/categories/222471" data-log-props="{ &quot;id&quot;:&quot;category_menu&quot;, &quot;param&quot;:{&quot;categoryLabel&quot;:&quot;baby&quot;} }">수납/정리함</a></li>   <li><a href="/np/categories/222479" data-log-props="{ &quot;id&quot;:&quot;category_menu&quot;, &quot;param&quot;:{&quot;categoryLabel&quot;:&quot;baby&quot;} }">공부상/책상</a></li>   <li><a href="/np/categories/222482" data-log-props="{ &quot;id&quot;:&quot;category_menu&quot;, &quot;param&quot;:{&quot;categoryLabel&quot;:&quot;baby&quot;} }">유아책장/책꽂이</a></li>   <li><a href="/np/categories/222485" data-log-props="{ &quot;id&quot;:&quot;category_menu&quot;, &quot;param&quot;:{&quot;categoryLabel&quot;:&quot;baby&quot;} }">수면등/수유등</a></li>   <li><a href="/np/categories/311382" data-log-props="{ &quot;id&quot;:&quot;category_menu&quot;, &quot;param&quot;:{&quot;categoryLabel&quot;:&quot;baby&quot;} }">유아키재기스티커</a></li> </ul></div></li>     <li class="second-depth-list"><a href="/np/categories/221942" data-log-props="{ &quot;id&quot;:&quot;category_menu&quot;, &quot;param&quot;:{&quot;categoryLabel&quot;:&quot;baby&quot;} }">유아동침구 <i class="depth-select-icon"></i></a><div class="third-depth-list"><ul>  <li><a href="/np/categories/222195" data-log-props="{ &quot;id&quot;:&quot;category_menu&quot;, &quot;param&quot;:{&quot;categoryLabel&quot;:&quot;baby&quot;} }">낮잠이불</a></li>   <li><a href="/np/categories/222196" data-log-props="{ &quot;id&quot;:&quot;category_menu&quot;, &quot;param&quot;:{&quot;categoryLabel&quot;:&quot;baby&quot;} }">겉싸개/속싸개</a></li>   <li><a href="/np/categories/222200" data-log-props="{ &quot;id&quot;:&quot;category_menu&quot;, &quot;param&quot;:{&quot;categoryLabel&quot;:&quot;baby&quot;} }">유아이불</a></li>   <li><a href="/np/categories/222204" data-log-props="{ &quot;id&quot;:&quot;category_menu&quot;, &quot;param&quot;:{&quot;categoryLabel&quot;:&quot;baby&quot;} }">베개/바디필로우</a></li>   <li><a href="/np/categories/222211" data-log-props="{ &quot;id&quot;:&quot;category_menu&quot;, &quot;param&quot;:{&quot;categoryLabel&quot;:&quot;baby&quot;} }">유아담요/블랭킷</a></li>   <li><a href="/np/categories/222212" data-log-props="{ &quot;id&quot;:&quot;category_menu&quot;, &quot;param&quot;:{&quot;categoryLabel&quot;:&quot;baby&quot;} }">유아 요/방수요</a></li>   <li><a href="/np/categories/222216" data-log-props="{ &quot;id&quot;:&quot;category_menu&quot;, &quot;param&quot;:{&quot;categoryLabel&quot;:&quot;baby&quot;} }">침구세트</a></li> </ul></div></li>     <li class="second-depth-list"><a href="/np/categories/221946" data-log-props="{ &quot;id&quot;:&quot;category_menu&quot;, &quot;param&quot;:{&quot;categoryLabel&quot;:&quot;baby&quot;} }">매트/안전용품 <i class="depth-select-icon"></i></a><div class="third-depth-list"><ul>  <li><a href="/np/categories/509106" data-log-props="{ &quot;id&quot;:&quot;category_menu&quot;, &quot;param&quot;:{&quot;categoryLabel&quot;:&quot;baby&quot;} }">놀이방매트</a></li>   <li><a href="/np/categories/509107" data-log-props="{ &quot;id&quot;:&quot;category_menu&quot;, &quot;param&quot;:{&quot;categoryLabel&quot;:&quot;baby&quot;} }">퍼즐매트</a></li>   <li><a href="/np/categories/509108" data-log-props="{ &quot;id&quot;:&quot;category_menu&quot;, &quot;param&quot;:{&quot;categoryLabel&quot;:&quot;baby&quot;} }">폴더매트</a></li>   <li><a href="/np/categories/509109" data-log-props="{ &quot;id&quot;:&quot;category_menu&quot;, &quot;param&quot;:{&quot;categoryLabel&quot;:&quot;baby&quot;} }">벽매트</a></li>   <li><a href="/np/categories/509110" data-log-props="{ &quot;id&quot;:&quot;category_menu&quot;, &quot;param&quot;:{&quot;categoryLabel&quot;:&quot;baby&quot;} }">DIY/시공매트</a></li>   <li><a href="/np/categories/222433" data-log-props="{ &quot;id&quot;:&quot;category_menu&quot;, &quot;param&quot;:{&quot;categoryLabel&quot;:&quot;baby&quot;} }">유아안전문</a></li>   <li><a href="/np/categories/222436" data-log-props="{ &quot;id&quot;:&quot;category_menu&quot;, &quot;param&quot;:{&quot;categoryLabel&quot;:&quot;baby&quot;} }">모서리/코너보호대</a></li>   <li><a href="/np/categories/222437" data-log-props="{ &quot;id&quot;:&quot;category_menu&quot;, &quot;param&quot;:{&quot;categoryLabel&quot;:&quot;baby&quot;} }">손낌방지용품</a></li>   <li><a href="/np/categories/222440" data-log-props="{ &quot;id&quot;:&quot;category_menu&quot;, &quot;param&quot;:{&quot;categoryLabel&quot;:&quot;baby&quot;} }">잠금장치/커버</a></li>   <li><a href="/np/categories/222443" data-log-props="{ &quot;id&quot;:&quot;category_menu&quot;, &quot;param&quot;:{&quot;categoryLabel&quot;:&quot;baby&quot;} }">미끄럼방지용품</a></li>   <li><a href="/np/categories/222444" data-log-props="{ &quot;id&quot;:&quot;category_menu&quot;, &quot;param&quot;:{&quot;categoryLabel&quot;:&quot;baby&quot;} }">침대가드</a></li>   <li><a href="/np/categories/222445" data-log-props="{ &quot;id&quot;:&quot;category_menu&quot;, &quot;param&quot;:{&quot;categoryLabel&quot;:&quot;baby&quot;} }">뒤집기방지쿠션</a></li>   <li><a href="/np/categories/222446" data-log-props="{ &quot;id&quot;:&quot;category_menu&quot;, &quot;param&quot;:{&quot;categoryLabel&quot;:&quot;baby&quot;} }">머리/무릎보호대</a></li>  <li class="more-category"><a href="/np/categories/221946">더보기</a></li>     </ul></div></li>     <li class="second-depth-list"><a href="/np/categories/349657" data-log-props="{ &quot;id&quot;:&quot;category_menu&quot;, &quot;param&quot;:{&quot;categoryLabel&quot;:&quot;baby&quot;} }">완구/교구 <i class="depth-select-icon"></i></a><div class="third-depth-list"><ul>  <li><a href="/np/campaigns/821" data-log-props="{ &quot;id&quot;:&quot;category_menu&quot;, &quot;param&quot;:{&quot;categoryLabel&quot;:&quot;baby&quot;} }">연령별완구</a></li>   <li><a href="/np/categories/349665" data-log-props="{ &quot;id&quot;:&quot;category_menu&quot;, &quot;param&quot;:{&quot;categoryLabel&quot;:&quot;baby&quot;} }">캐릭터별완구</a></li>   <li><a href="/np/categories/349686" data-log-props="{ &quot;id&quot;:&quot;category_menu&quot;, &quot;param&quot;:{&quot;categoryLabel&quot;:&quot;baby&quot;} }">신생아/영아완구</a></li>   <li><a href="/np/categories/349793" data-log-props="{ &quot;id&quot;:&quot;category_menu&quot;, &quot;param&quot;:{&quot;categoryLabel&quot;:&quot;baby&quot;} }">블록놀이</a></li>   <li><a href="/np/categories/349825" data-log-props="{ &quot;id&quot;:&quot;category_menu&quot;, &quot;param&quot;:{&quot;categoryLabel&quot;:&quot;baby&quot;} }">역할놀이</a></li>   <li><a href="/np/categories/349745" data-log-props="{ &quot;id&quot;:&quot;category_menu&quot;, &quot;param&quot;:{&quot;categoryLabel&quot;:&quot;baby&quot;} }">로봇/작동완구</a></li>   <li><a href="/np/categories/349808" data-log-props="{ &quot;id&quot;:&quot;category_menu&quot;, &quot;param&quot;:{&quot;categoryLabel&quot;:&quot;baby&quot;} }">인형</a></li>   <li><a href="/np/categories/350139" data-log-props="{ &quot;id&quot;:&quot;category_menu&quot;, &quot;param&quot;:{&quot;categoryLabel&quot;:&quot;baby&quot;} }">물놀이/계절완구</a></li>   <li><a href="/np/categories/350057" data-log-props="{ &quot;id&quot;:&quot;category_menu&quot;, &quot;param&quot;:{&quot;categoryLabel&quot;:&quot;baby&quot;} }">승용완구</a></li>   <li><a href="/np/categories/350044" data-log-props="{ &quot;id&quot;:&quot;category_menu&quot;, &quot;param&quot;:{&quot;categoryLabel&quot;:&quot;baby&quot;} }">실내대형완구</a></li>   <li><a href="/np/categories/350077" data-log-props="{ &quot;id&quot;:&quot;category_menu&quot;, &quot;param&quot;:{&quot;categoryLabel&quot;:&quot;baby&quot;} }">스포츠/야외완구</a></li>   <li><a href="/np/categories/349876" data-log-props="{ &quot;id&quot;:&quot;category_menu&quot;, &quot;param&quot;:{&quot;categoryLabel&quot;:&quot;baby&quot;} }">STEAM/학습완구</a></li>   <li><a href="/np/categories/349983" data-log-props="{ &quot;id&quot;:&quot;category_menu&quot;, &quot;param&quot;:{&quot;categoryLabel&quot;:&quot;baby&quot;} }">보드게임</a></li>  <li class="more-category"><a href="/np/categories/349657">더보기</a></li>  </ul></div></li>    <li class="second-depth-list more-category"><a href="/np/categories/221934">더보기</a></li>                  </ul>
<span class="gnb-banner" style="background: #FFF">
<a class="category-banner-button" href="https://www.coupang.com/np/categories/334841" title="출산/유아동" data-log-props="{ &quot;id&quot;:&quot;category_menu_banner&quot;, &quot;param&quot;:{&quot;categoryLabel&quot;:&quot;baby&quot;} }">출산/유아동</a>
		<img alt="출산/유아동" data-banner-src="//image6.coupangcdn.com/image/displayitem/displayitem_0cdfe589-a2d0-44c6-becf-70932f4f16fb.jpg" class="category-banner-image">
</span>

</div></div></li>







        <li class="food"><a href="/np/categories/194276" class="first-depth" data-log-props="{ &quot;id&quot;:&quot;category_menu&quot;, &quot;param&quot;:{&quot;categoryLabel&quot;:&quot;food&quot;} }">식품<i class="select-icon"></i></a><div class="depth"><div class="depth-list banner third"><ul>   <li class="second-depth-list"><a href="/np/campaigns/1884" data-log-props="{ &quot;id&quot;:&quot;category_menu&quot;, &quot;param&quot;:{&quot;categoryLabel&quot;:&quot;food&quot;} }">수입식품관 </a><div class="third-depth-list"><ul></ul></div></li>     <li class="second-depth-list"><a href="/np/categories/196393" data-log-props="{ &quot;id&quot;:&quot;category_menu&quot;, &quot;param&quot;:{&quot;categoryLabel&quot;:&quot;food&quot;} }">식품 선물세트 <i class="depth-select-icon"></i></a><div class="third-depth-list"><ul>  <li><a href="/np/categories/196395" data-log-props="{ &quot;id&quot;:&quot;category_menu&quot;, &quot;param&quot;:{&quot;categoryLabel&quot;:&quot;food&quot;} }">과일</a></li>   <li><a href="/np/categories/196401" data-log-props="{ &quot;id&quot;:&quot;category_menu&quot;, &quot;param&quot;:{&quot;categoryLabel&quot;:&quot;food&quot;} }">나물/버섯</a></li>   <li><a href="/np/categories/196406" data-log-props="{ &quot;id&quot;:&quot;category_menu&quot;, &quot;param&quot;:{&quot;categoryLabel&quot;:&quot;food&quot;} }">견과</a></li>   <li><a href="/np/categories/196407" data-log-props="{ &quot;id&quot;:&quot;category_menu&quot;, &quot;param&quot;:{&quot;categoryLabel&quot;:&quot;food&quot;} }">정육</a></li>   <li><a href="/np/categories/196417" data-log-props="{ &quot;id&quot;:&quot;category_menu&quot;, &quot;param&quot;:{&quot;categoryLabel&quot;:&quot;food&quot;} }">수산/건어물</a></li>   <li><a href="/np/categories/196423" data-log-props="{ &quot;id&quot;:&quot;category_menu&quot;, &quot;param&quot;:{&quot;categoryLabel&quot;:&quot;food&quot;} }">커피/차/음료</a></li>   <li><a href="/np/categories/196428" data-log-props="{ &quot;id&quot;:&quot;category_menu&quot;, &quot;param&quot;:{&quot;categoryLabel&quot;:&quot;food&quot;} }">과자/간식</a></li>   <li><a href="/np/categories/196436" data-log-props="{ &quot;id&quot;:&quot;category_menu&quot;, &quot;param&quot;:{&quot;categoryLabel&quot;:&quot;food&quot;} }">즉석/가공식품</a></li>   <li><a href="/np/categories/196444" data-log-props="{ &quot;id&quot;:&quot;category_menu&quot;, &quot;param&quot;:{&quot;categoryLabel&quot;:&quot;food&quot;} }">건강</a></li> </ul></div></li>     <li class="second-depth-list"><a href="/np/categories/196076" data-log-props="{ &quot;id&quot;:&quot;category_menu&quot;, &quot;param&quot;:{&quot;categoryLabel&quot;:&quot;food&quot;} }">건강식품 <i class="depth-select-icon"></i></a><div class="third-depth-list"><ul>  <li><a href="/np/campaigns/6585" data-log-props="{ &quot;id&quot;:&quot;category_menu&quot;, &quot;param&quot;:{&quot;categoryLabel&quot;:&quot;food&quot;} }">건강기능식품</a></li>   <li><a href="/np/categories/196126" data-log-props="{ &quot;id&quot;:&quot;category_menu&quot;, &quot;param&quot;:{&quot;categoryLabel&quot;:&quot;food&quot;} }">홍삼/인삼</a></li>   <li><a href="/np/categories/196136" data-log-props="{ &quot;id&quot;:&quot;category_menu&quot;, &quot;param&quot;:{&quot;categoryLabel&quot;:&quot;food&quot;} }">건강즙/음료</a></li>   <li><a href="/np/categories/306726" data-log-props="{ &quot;id&quot;:&quot;category_menu&quot;, &quot;param&quot;:{&quot;categoryLabel&quot;:&quot;food&quot;} }">비타민/미네랄</a></li>   <li><a href="/np/categories/306749" data-log-props="{ &quot;id&quot;:&quot;category_menu&quot;, &quot;param&quot;:{&quot;categoryLabel&quot;:&quot;food&quot;} }">건강식품</a></li>   <li><a href="/np/categories/306808" data-log-props="{ &quot;id&quot;:&quot;category_menu&quot;, &quot;param&quot;:{&quot;categoryLabel&quot;:&quot;food&quot;} }">헬스보충식품</a></li>   <li><a href="/np/categories/306831" data-log-props="{ &quot;id&quot;:&quot;category_menu&quot;, &quot;param&quot;:{&quot;categoryLabel&quot;:&quot;food&quot;} }">다이어트/이너뷰티</a></li>   <li><a href="/np/categories/196183" data-log-props="{ &quot;id&quot;:&quot;category_menu&quot;, &quot;param&quot;:{&quot;categoryLabel&quot;:&quot;food&quot;} }">영양식/선식</a></li>   <li><a href="/np/categories/502184" data-log-props="{ &quot;id&quot;:&quot;category_menu&quot;, &quot;param&quot;:{&quot;categoryLabel&quot;:&quot;food&quot;} }">어린이 건강식품</a></li>   <li><a href="/np/categories/196189" data-log-props="{ &quot;id&quot;:&quot;category_menu&quot;, &quot;param&quot;:{&quot;categoryLabel&quot;:&quot;food&quot;} }">꿀/프로폴리스</a></li>   <li><a href="/np/categories/196195" data-log-props="{ &quot;id&quot;:&quot;category_menu&quot;, &quot;param&quot;:{&quot;categoryLabel&quot;:&quot;food&quot;} }">건강차 원물</a></li>   <li><a href="/np/categories/196207" data-log-props="{ &quot;id&quot;:&quot;category_menu&quot;, &quot;param&quot;:{&quot;categoryLabel&quot;:&quot;food&quot;} }">건강분말/건강환</a></li>   <li><a href="/np/categories/196211" data-log-props="{ &quot;id&quot;:&quot;category_menu&quot;, &quot;param&quot;:{&quot;categoryLabel&quot;:&quot;food&quot;} }">한방재료</a></li> </ul></div></li>     <li class="second-depth-list"><a href="/np/categories/195006" data-log-props="{ &quot;id&quot;:&quot;category_menu&quot;, &quot;param&quot;:{&quot;categoryLabel&quot;:&quot;food&quot;} }">생수/음료 <i class="depth-select-icon"></i></a><div class="third-depth-list"><ul>  <li><a href="/np/categories/195008" data-log-props="{ &quot;id&quot;:&quot;category_menu&quot;, &quot;param&quot;:{&quot;categoryLabel&quot;:&quot;food&quot;} }">생수</a></li>   <li><a href="/np/categories/497920" data-log-props="{ &quot;id&quot;:&quot;category_menu&quot;, &quot;param&quot;:{&quot;categoryLabel&quot;:&quot;food&quot;} }">탄산수</a></li>   <li><a href="/np/categories/195015" data-log-props="{ &quot;id&quot;:&quot;category_menu&quot;, &quot;param&quot;:{&quot;categoryLabel&quot;:&quot;food&quot;} }">과일/야채음료</a></li>   <li><a href="/np/categories/195050" data-log-props="{ &quot;id&quot;:&quot;category_menu&quot;, &quot;param&quot;:{&quot;categoryLabel&quot;:&quot;food&quot;} }">탄산/스포츠음료</a></li>   <li><a href="/np/categories/195062" data-log-props="{ &quot;id&quot;:&quot;category_menu&quot;, &quot;param&quot;:{&quot;categoryLabel&quot;:&quot;food&quot;} }">커피음료/차음료</a></li>   <li><a href="/np/categories/195080" data-log-props="{ &quot;id&quot;:&quot;category_menu&quot;, &quot;param&quot;:{&quot;categoryLabel&quot;:&quot;food&quot;} }">두유</a></li>   <li><a href="/np/categories/445905" data-log-props="{ &quot;id&quot;:&quot;category_menu&quot;, &quot;param&quot;:{&quot;categoryLabel&quot;:&quot;food&quot;} }">냉장우유</a></li>   <li><a href="/np/categories/195088" data-log-props="{ &quot;id&quot;:&quot;category_menu&quot;, &quot;param&quot;:{&quot;categoryLabel&quot;:&quot;food&quot;} }">멸균우유</a></li>   <li><a href="/np/categories/195104" data-log-props="{ &quot;id&quot;:&quot;category_menu&quot;, &quot;param&quot;:{&quot;categoryLabel&quot;:&quot;food&quot;} }">숙취/건강음료</a></li>   <li><a href="/np/categories/195124" data-log-props="{ &quot;id&quot;:&quot;category_menu&quot;, &quot;param&quot;:{&quot;categoryLabel&quot;:&quot;food&quot;} }">어린이음료</a></li>   <li><a href="/np/categories/195141" data-log-props="{ &quot;id&quot;:&quot;category_menu&quot;, &quot;param&quot;:{&quot;categoryLabel&quot;:&quot;food&quot;} }">음료선물세트</a></li>   <li><a href="/np/categories/497899" data-log-props="{ &quot;id&quot;:&quot;category_menu&quot;, &quot;param&quot;:{&quot;categoryLabel&quot;:&quot;food&quot;} }">무/비알콜음료</a></li>   <li><a href="/np/categories/311357" data-log-props="{ &quot;id&quot;:&quot;category_menu&quot;, &quot;param&quot;:{&quot;categoryLabel&quot;:&quot;food&quot;} }">전통주</a></li> </ul></div></li>     <li class="second-depth-list"><a href="/np/categories/195142" data-log-props="{ &quot;id&quot;:&quot;category_menu&quot;, &quot;param&quot;:{&quot;categoryLabel&quot;:&quot;food&quot;} }">커피/원두/차 <i class="depth-select-icon"></i></a><div class="third-depth-list"><ul>  <li><a href="/np/categories/429888" data-log-props="{ &quot;id&quot;:&quot;category_menu&quot;, &quot;param&quot;:{&quot;categoryLabel&quot;:&quot;food&quot;} }">커피믹스</a></li>   <li><a href="/np/categories/429889" data-log-props="{ &quot;id&quot;:&quot;category_menu&quot;, &quot;param&quot;:{&quot;categoryLabel&quot;:&quot;food&quot;} }">원두/생두</a></li>   <li><a href="/np/categories/429890" data-log-props="{ &quot;id&quot;:&quot;category_menu&quot;, &quot;param&quot;:{&quot;categoryLabel&quot;:&quot;food&quot;} }">캡슐/더치/티백</a></li>   <li><a href="/np/categories/486104" data-log-props="{ &quot;id&quot;:&quot;category_menu&quot;, &quot;param&quot;:{&quot;categoryLabel&quot;:&quot;food&quot;} }">녹차/메밀차</a></li>   <li><a href="/np/categories/195168" data-log-props="{ &quot;id&quot;:&quot;category_menu&quot;, &quot;param&quot;:{&quot;categoryLabel&quot;:&quot;food&quot;} }">둥글레/옥수수차</a></li>   <li><a href="/np/categories/195172" data-log-props="{ &quot;id&quot;:&quot;category_menu&quot;, &quot;param&quot;:{&quot;categoryLabel&quot;:&quot;food&quot;} }">보리/우엉/결명자</a></li>   <li><a href="/np/categories/486111" data-log-props="{ &quot;id&quot;:&quot;category_menu&quot;, &quot;param&quot;:{&quot;categoryLabel&quot;:&quot;food&quot;} }">도라지/작두콩차</a></li>   <li><a href="/np/categories/486114" data-log-props="{ &quot;id&quot;:&quot;category_menu&quot;, &quot;param&quot;:{&quot;categoryLabel&quot;:&quot;food&quot;} }">홍차/밀크티</a></li>   <li><a href="/np/categories/486118" data-log-props="{ &quot;id&quot;:&quot;category_menu&quot;, &quot;param&quot;:{&quot;categoryLabel&quot;:&quot;food&quot;} }">유자/과일차</a></li>   <li><a href="/np/categories/486131" data-log-props="{ &quot;id&quot;:&quot;category_menu&quot;, &quot;param&quot;:{&quot;categoryLabel&quot;:&quot;food&quot;} }">율무/전통차</a></li>   <li><a href="/np/categories/195232" data-log-props="{ &quot;id&quot;:&quot;category_menu&quot;, &quot;param&quot;:{&quot;categoryLabel&quot;:&quot;food&quot;} }">허브/콤부/꽃차</a></li>   <li><a href="/np/categories/195254" data-log-props="{ &quot;id&quot;:&quot;category_menu&quot;, &quot;param&quot;:{&quot;categoryLabel&quot;:&quot;food&quot;} }">코코아/라떼/기타분말</a></li>   <li><a href="/np/categories/195262" data-log-props="{ &quot;id&quot;:&quot;category_menu&quot;, &quot;param&quot;:{&quot;categoryLabel&quot;:&quot;food&quot;} }">커피/차 선물세트</a></li>  <li class="more-category"><a href="/np/categories/195142">더보기</a></li>     </ul></div></li>     <li class="second-depth-list"><a href="/np/categories/195266" data-log-props="{ &quot;id&quot;:&quot;category_menu&quot;, &quot;param&quot;:{&quot;categoryLabel&quot;:&quot;food&quot;} }">과자/초콜릿/시리얼 <i class="depth-select-icon"></i></a><div class="third-depth-list"><ul>  <li><a href="/np/categories/195268" data-log-props="{ &quot;id&quot;:&quot;category_menu&quot;, &quot;param&quot;:{&quot;categoryLabel&quot;:&quot;food&quot;} }">과자</a></li>   <li><a href="/np/categories/195282" data-log-props="{ &quot;id&quot;:&quot;category_menu&quot;, &quot;param&quot;:{&quot;categoryLabel&quot;:&quot;food&quot;} }">비스킷/크래커</a></li>   <li><a href="/np/categories/195291" data-log-props="{ &quot;id&quot;:&quot;category_menu&quot;, &quot;param&quot;:{&quot;categoryLabel&quot;:&quot;food&quot;} }">쿠키/파이</a></li>   <li><a href="/np/categories/195398" data-log-props="{ &quot;id&quot;:&quot;category_menu&quot;, &quot;param&quot;:{&quot;categoryLabel&quot;:&quot;food&quot;} }">전통과자/떡</a></li>   <li><a href="/np/categories/195297" data-log-props="{ &quot;id&quot;:&quot;category_menu&quot;, &quot;param&quot;:{&quot;categoryLabel&quot;:&quot;food&quot;} }">초콜릿</a></li>   <li><a href="/np/categories/431978" data-log-props="{ &quot;id&quot;:&quot;category_menu&quot;, &quot;param&quot;:{&quot;categoryLabel&quot;:&quot;food&quot;} }">젤리/캐러멜</a></li>   <li><a href="/np/categories/195303" data-log-props="{ &quot;id&quot;:&quot;category_menu&quot;, &quot;param&quot;:{&quot;categoryLabel&quot;:&quot;food&quot;} }">사탕/껌</a></li>   <li><a href="/np/categories/195322" data-log-props="{ &quot;id&quot;:&quot;category_menu&quot;, &quot;param&quot;:{&quot;categoryLabel&quot;:&quot;food&quot;} }">시리얼</a></li>   <li><a href="/np/categories/195328" data-log-props="{ &quot;id&quot;:&quot;category_menu&quot;, &quot;param&quot;:{&quot;categoryLabel&quot;:&quot;food&quot;} }">베이커리/잼</a></li>   <li><a href="/np/categories/195388" data-log-props="{ &quot;id&quot;:&quot;category_menu&quot;, &quot;param&quot;:{&quot;categoryLabel&quot;:&quot;food&quot;} }">육포/원물간식</a></li>   <li><a href="/np/categories/195428" data-log-props="{ &quot;id&quot;:&quot;category_menu&quot;, &quot;param&quot;:{&quot;categoryLabel&quot;:&quot;food&quot;} }">과자/간식세트</a></li>   <li><a href="/np/categories/497936" data-log-props="{ &quot;id&quot;:&quot;category_menu&quot;, &quot;param&quot;:{&quot;categoryLabel&quot;:&quot;food&quot;} }">어린이간식</a></li> </ul></div></li>     <li class="second-depth-list"><a href="/np/categories/194373" data-log-props="{ &quot;id&quot;:&quot;category_menu&quot;, &quot;param&quot;:{&quot;categoryLabel&quot;:&quot;food&quot;} }">견과/건과 <i class="depth-select-icon"></i></a><div class="third-depth-list"><ul>  <li><a href="/np/categories/194376" data-log-props="{ &quot;id&quot;:&quot;category_menu&quot;, &quot;param&quot;:{&quot;categoryLabel&quot;:&quot;food&quot;} }">땅콩/호두</a></li>   <li><a href="/np/categories/194381" data-log-props="{ &quot;id&quot;:&quot;category_menu&quot;, &quot;param&quot;:{&quot;categoryLabel&quot;:&quot;food&quot;} }">밤/잣/은행</a></li>   <li><a href="/np/categories/194387" data-log-props="{ &quot;id&quot;:&quot;category_menu&quot;, &quot;param&quot;:{&quot;categoryLabel&quot;:&quot;food&quot;} }">아몬드/피스타치오</a></li>   <li><a href="/np/categories/194392" data-log-props="{ &quot;id&quot;:&quot;category_menu&quot;, &quot;param&quot;:{&quot;categoryLabel&quot;:&quot;food&quot;} }">기타견과류</a></li>   <li><a href="/np/categories/194401" data-log-props="{ &quot;id&quot;:&quot;category_menu&quot;, &quot;param&quot;:{&quot;categoryLabel&quot;:&quot;food&quot;} }">호박씨/해바라기씨</a></li>   <li><a href="/np/categories/194405" data-log-props="{ &quot;id&quot;:&quot;category_menu&quot;, &quot;param&quot;:{&quot;categoryLabel&quot;:&quot;food&quot;} }">기타씨앗</a></li>   <li><a href="/np/categories/194407" data-log-props="{ &quot;id&quot;:&quot;category_menu&quot;, &quot;param&quot;:{&quot;categoryLabel&quot;:&quot;food&quot;} }">혼합견과/세트</a></li>   <li><a href="/np/categories/194411" data-log-props="{ &quot;id&quot;:&quot;category_menu&quot;, &quot;param&quot;:{&quot;categoryLabel&quot;:&quot;food&quot;} }">건과일/건채소</a></li>   <li><a href="/np/categories/394584" data-log-props="{ &quot;id&quot;:&quot;category_menu&quot;, &quot;param&quot;:{&quot;categoryLabel&quot;:&quot;food&quot;} }">과일가루</a></li> </ul></div></li>     <li class="second-depth-list"><a href="/np/categories/432480" data-log-props="{ &quot;id&quot;:&quot;category_menu&quot;, &quot;param&quot;:{&quot;categoryLabel&quot;:&quot;food&quot;} }">반찬/간편식/대용식 <i class="depth-select-icon"></i></a><div class="third-depth-list"><ul>  <li><a href="/np/categories/432481" data-log-props="{ &quot;id&quot;:&quot;category_menu&quot;, &quot;param&quot;:{&quot;categoryLabel&quot;:&quot;food&quot;} }">샐러드/닭가슴살</a></li>   <li><a href="/np/categories/432506" data-log-props="{ &quot;id&quot;:&quot;category_menu&quot;, &quot;param&quot;:{&quot;categoryLabel&quot;:&quot;food&quot;} }">간편과일/후레쉬컷</a></li>   <li><a href="/np/categories/432531" data-log-props="{ &quot;id&quot;:&quot;category_menu&quot;, &quot;param&quot;:{&quot;categoryLabel&quot;:&quot;food&quot;} }">시리얼/쉐이크/선식</a></li>   <li><a href="/np/categories/432554" data-log-props="{ &quot;id&quot;:&quot;category_menu&quot;, &quot;param&quot;:{&quot;categoryLabel&quot;:&quot;food&quot;} }">즉석밥/도시락</a></li>   <li><a href="/np/categories/432568" data-log-props="{ &quot;id&quot;:&quot;category_menu&quot;, &quot;param&quot;:{&quot;categoryLabel&quot;:&quot;food&quot;} }">즉석죽/스프</a></li>   <li><a href="/np/categories/432572" data-log-props="{ &quot;id&quot;:&quot;category_menu&quot;, &quot;param&quot;:{&quot;categoryLabel&quot;:&quot;food&quot;} }">라면/파스타/면</a></li>   <li><a href="/np/categories/432595" data-log-props="{ &quot;id&quot;:&quot;category_menu&quot;, &quot;param&quot;:{&quot;categoryLabel&quot;:&quot;food&quot;} }">김치/반찬/김</a></li>   <li><a href="/np/categories/432669" data-log-props="{ &quot;id&quot;:&quot;category_menu&quot;, &quot;param&quot;:{&quot;categoryLabel&quot;:&quot;food&quot;} }">국/탕/찌개</a></li>   <li><a href="/np/categories/432672" data-log-props="{ &quot;id&quot;:&quot;category_menu&quot;, &quot;param&quot;:{&quot;categoryLabel&quot;:&quot;food&quot;} }">고기/해물/간편조리</a></li>   <li><a href="/np/categories/432740" data-log-props="{ &quot;id&quot;:&quot;category_menu&quot;, &quot;param&quot;:{&quot;categoryLabel&quot;:&quot;food&quot;} }">분식/튀김/피자</a></li>   <li><a href="/np/categories/432765" data-log-props="{ &quot;id&quot;:&quot;category_menu&quot;, &quot;param&quot;:{&quot;categoryLabel&quot;:&quot;food&quot;} }">햄버거/베이커리/떡</a></li>   <li><a href="/np/categories/432814" data-log-props="{ &quot;id&quot;:&quot;category_menu&quot;, &quot;param&quot;:{&quot;categoryLabel&quot;:&quot;food&quot;} }">이유식/어린이식품</a></li> </ul></div></li>     <li class="second-depth-list"><a href="/np/categories/195443" data-log-props="{ &quot;id&quot;:&quot;category_menu&quot;, &quot;param&quot;:{&quot;categoryLabel&quot;:&quot;food&quot;} }">면/통조림/가공식품 <i class="depth-select-icon"></i></a><div class="third-depth-list"><ul>  <li><a href="/np/categories/486355" data-log-props="{ &quot;id&quot;:&quot;category_menu&quot;, &quot;param&quot;:{&quot;categoryLabel&quot;:&quot;food&quot;} }">라면/컵라면</a></li>   <li><a href="/np/categories/486403" data-log-props="{ &quot;id&quot;:&quot;category_menu&quot;, &quot;param&quot;:{&quot;categoryLabel&quot;:&quot;food&quot;} }">면류/파스타</a></li>   <li><a href="/np/categories/195484" data-log-props="{ &quot;id&quot;:&quot;category_menu&quot;, &quot;param&quot;:{&quot;categoryLabel&quot;:&quot;food&quot;} }">참치/햄/통조림</a></li>   <li><a href="/np/categories/486855" data-log-props="{ &quot;id&quot;:&quot;category_menu&quot;, &quot;param&quot;:{&quot;categoryLabel&quot;:&quot;food&quot;} }">즉석밥/누룽지</a></li>   <li><a href="/np/categories/486581" data-log-props="{ &quot;id&quot;:&quot;category_menu&quot;, &quot;param&quot;:{&quot;categoryLabel&quot;:&quot;food&quot;} }">카레/짜장/양념</a></li>   <li><a href="/np/categories/486582" data-log-props="{ &quot;id&quot;:&quot;category_menu&quot;, &quot;param&quot;:{&quot;categoryLabel&quot;:&quot;food&quot;} }">즉석국/간편조리</a></li> </ul></div></li>     <li class="second-depth-list"><a href="/np/categories/195576" data-log-props="{ &quot;id&quot;:&quot;category_menu&quot;, &quot;param&quot;:{&quot;categoryLabel&quot;:&quot;food&quot;} }">가루/조미료/오일 <i class="depth-select-icon"></i></a><div class="third-depth-list"><ul>  <li><a href="/np/categories/195578" data-log-props="{ &quot;id&quot;:&quot;category_menu&quot;, &quot;param&quot;:{&quot;categoryLabel&quot;:&quot;food&quot;} }">가루/분말류</a></li>   <li><a href="/np/categories/195621" data-log-props="{ &quot;id&quot;:&quot;category_menu&quot;, &quot;param&quot;:{&quot;categoryLabel&quot;:&quot;food&quot;} }">설탕/소금/조미료</a></li>   <li><a href="/np/categories/195669" data-log-props="{ &quot;id&quot;:&quot;category_menu&quot;, &quot;param&quot;:{&quot;categoryLabel&quot;:&quot;food&quot;} }">식용유/오일</a></li> </ul></div></li>     <li class="second-depth-list"><a href="/np/categories/195694" data-log-props="{ &quot;id&quot;:&quot;category_menu&quot;, &quot;param&quot;:{&quot;categoryLabel&quot;:&quot;food&quot;} }">장/소스/드레싱/식초 <i class="depth-select-icon"></i></a><div class="third-depth-list"><ul>  <li><a href="/np/categories/195696" data-log-props="{ &quot;id&quot;:&quot;category_menu&quot;, &quot;param&quot;:{&quot;categoryLabel&quot;:&quot;food&quot;} }">장류</a></li>   <li><a href="/np/categories/195716" data-log-props="{ &quot;id&quot;:&quot;category_menu&quot;, &quot;param&quot;:{&quot;categoryLabel&quot;:&quot;food&quot;} }">케찹/마요네즈</a></li>   <li><a href="/np/categories/195720" data-log-props="{ &quot;id&quot;:&quot;category_menu&quot;, &quot;param&quot;:{&quot;categoryLabel&quot;:&quot;food&quot;} }">머스타드</a></li>   <li><a href="/np/categories/195721" data-log-props="{ &quot;id&quot;:&quot;category_menu&quot;, &quot;param&quot;:{&quot;categoryLabel&quot;:&quot;food&quot;} }">소스</a></li>   <li><a href="/np/categories/195747" data-log-props="{ &quot;id&quot;:&quot;category_menu&quot;, &quot;param&quot;:{&quot;categoryLabel&quot;:&quot;food&quot;} }">드레싱</a></li>   <li><a href="/np/categories/195756" data-log-props="{ &quot;id&quot;:&quot;category_menu&quot;, &quot;param&quot;:{&quot;categoryLabel&quot;:&quot;food&quot;} }">식초/미림</a></li>   <li><a href="/np/categories/195767" data-log-props="{ &quot;id&quot;:&quot;category_menu&quot;, &quot;param&quot;:{&quot;categoryLabel&quot;:&quot;food&quot;} }">물엿/올리고당/조청</a></li>   <li><a href="/np/categories/195772" data-log-props="{ &quot;id&quot;:&quot;category_menu&quot;, &quot;param&quot;:{&quot;categoryLabel&quot;:&quot;food&quot;} }">육수/액젓</a></li>   <li><a href="/np/categories/195778" data-log-props="{ &quot;id&quot;:&quot;category_menu&quot;, &quot;param&quot;:{&quot;categoryLabel&quot;:&quot;food&quot;} }">꿀</a></li> </ul></div></li>     <li class="second-depth-list"><a href="/np/categories/225461" data-log-props="{ &quot;id&quot;:&quot;category_menu&quot;, &quot;param&quot;:{&quot;categoryLabel&quot;:&quot;food&quot;} }">냉장/냉동/간편요리 <i class="depth-select-icon"></i></a><div class="third-depth-list"><ul>  <li><a href="/np/categories/486687" data-log-props="{ &quot;id&quot;:&quot;category_menu&quot;, &quot;param&quot;:{&quot;categoryLabel&quot;:&quot;food&quot;} }">밀키트</a></li>   <li><a href="/np/categories/446032" data-log-props="{ &quot;id&quot;:&quot;category_menu&quot;, &quot;param&quot;:{&quot;categoryLabel&quot;:&quot;food&quot;} }">즉석밥/볶음밥</a></li>   <li><a href="/np/categories/446035" data-log-props="{ &quot;id&quot;:&quot;category_menu&quot;, &quot;param&quot;:{&quot;categoryLabel&quot;:&quot;food&quot;} }">즉석국/탕/찌개</a></li>   <li><a href="/np/categories/225504" data-log-props="{ &quot;id&quot;:&quot;category_menu&quot;, &quot;param&quot;:{&quot;categoryLabel&quot;:&quot;food&quot;} }">고기/해물/기타요리</a></li>   <li><a href="/np/categories/446038" data-log-props="{ &quot;id&quot;:&quot;category_menu&quot;, &quot;param&quot;:{&quot;categoryLabel&quot;:&quot;food&quot;} }">면류</a></li>   <li><a href="/np/categories/446051" data-log-props="{ &quot;id&quot;:&quot;category_menu&quot;, &quot;param&quot;:{&quot;categoryLabel&quot;:&quot;food&quot;} }">떡류</a></li>   <li><a href="/np/categories/225481" data-log-props="{ &quot;id&quot;:&quot;category_menu&quot;, &quot;param&quot;:{&quot;categoryLabel&quot;:&quot;food&quot;} }">만두/돈까스/치킨</a></li>   <li><a href="/np/categories/225491" data-log-props="{ &quot;id&quot;:&quot;category_menu&quot;, &quot;param&quot;:{&quot;categoryLabel&quot;:&quot;food&quot;} }">분식/피자/핫도그</a></li>   <li><a href="/np/categories/225537" data-log-props="{ &quot;id&quot;:&quot;category_menu&quot;, &quot;param&quot;:{&quot;categoryLabel&quot;:&quot;food&quot;} }">김치/젓갈/장류</a></li>   <li><a href="/np/categories/225576" data-log-props="{ &quot;id&quot;:&quot;category_menu&quot;, &quot;param&quot;:{&quot;categoryLabel&quot;:&quot;food&quot;} }">반찬/절임</a></li>   <li><a href="/np/categories/225609" data-log-props="{ &quot;id&quot;:&quot;category_menu&quot;, &quot;param&quot;:{&quot;categoryLabel&quot;:&quot;food&quot;} }">햄/어묵/맛살</a></li>   <li><a href="/np/categories/225626" data-log-props="{ &quot;id&quot;:&quot;category_menu&quot;, &quot;param&quot;:{&quot;categoryLabel&quot;:&quot;food&quot;} }">두부/샐러드/도시락</a></li> </ul></div></li>     <li class="second-depth-list"><a href="/np/categories/194282" data-log-props="{ &quot;id&quot;:&quot;category_menu&quot;, &quot;param&quot;:{&quot;categoryLabel&quot;:&quot;food&quot;} }">과일 <i class="depth-select-icon"></i></a><div class="third-depth-list"><ul>  <li><a href="/np/categories/194284" data-log-props="{ &quot;id&quot;:&quot;category_menu&quot;, &quot;param&quot;:{&quot;categoryLabel&quot;:&quot;food&quot;} }">사과/배</a></li>   <li><a href="/np/categories/194288" data-log-props="{ &quot;id&quot;:&quot;category_menu&quot;, &quot;param&quot;:{&quot;categoryLabel&quot;:&quot;food&quot;} }">귤/한라봉/감귤류</a></li>   <li><a href="/np/categories/194294" data-log-props="{ &quot;id&quot;:&quot;category_menu&quot;, &quot;param&quot;:{&quot;categoryLabel&quot;:&quot;food&quot;} }">감/홍시/곶감</a></li>   <li><a href="/np/categories/194300" data-log-props="{ &quot;id&quot;:&quot;category_menu&quot;, &quot;param&quot;:{&quot;categoryLabel&quot;:&quot;food&quot;} }">키위/참다래</a></li>   <li><a href="/np/categories/194306" data-log-props="{ &quot;id&quot;:&quot;category_menu&quot;, &quot;param&quot;:{&quot;categoryLabel&quot;:&quot;food&quot;} }">토마토/자두/복숭아/포도</a></li>   <li><a href="/np/categories/194315" data-log-props="{ &quot;id&quot;:&quot;category_menu&quot;, &quot;param&quot;:{&quot;categoryLabel&quot;:&quot;food&quot;} }">수박/메론/참외</a></li>   <li><a href="/np/categories/194320" data-log-props="{ &quot;id&quot;:&quot;category_menu&quot;, &quot;param&quot;:{&quot;categoryLabel&quot;:&quot;food&quot;} }">딸기/블루베리/베리류</a></li>   <li><a href="/np/categories/194326" data-log-props="{ &quot;id&quot;:&quot;category_menu&quot;, &quot;param&quot;:{&quot;categoryLabel&quot;:&quot;food&quot;} }">바나나/오렌지/파인애플</a></li>   <li><a href="/np/categories/194331" data-log-props="{ &quot;id&quot;:&quot;category_menu&quot;, &quot;param&quot;:{&quot;categoryLabel&quot;:&quot;food&quot;} }">자몽/레몬/라임/석류</a></li>   <li><a href="/np/categories/194337" data-log-props="{ &quot;id&quot;:&quot;category_menu&quot;, &quot;param&quot;:{&quot;categoryLabel&quot;:&quot;food&quot;} }">망고/체리/아보카도/기타</a></li>   <li><a href="/np/categories/194358" data-log-props="{ &quot;id&quot;:&quot;category_menu&quot;, &quot;param&quot;:{&quot;categoryLabel&quot;:&quot;food&quot;} }">냉동과일/간편과일</a></li>   <li><a href="/np/categories/194368" data-log-props="{ &quot;id&quot;:&quot;category_menu&quot;, &quot;param&quot;:{&quot;categoryLabel&quot;:&quot;food&quot;} }">과일선물세트</a></li> </ul></div></li>     <li class="second-depth-list"><a href="/np/categories/194688" data-log-props="{ &quot;id&quot;:&quot;category_menu&quot;, &quot;param&quot;:{&quot;categoryLabel&quot;:&quot;food&quot;} }">축산/계란 <i class="depth-select-icon"></i></a><div class="third-depth-list"><ul>  <li><a href="/np/categories/194690" data-log-props="{ &quot;id&quot;:&quot;category_menu&quot;, &quot;param&quot;:{&quot;categoryLabel&quot;:&quot;food&quot;} }">소고기</a></li>   <li><a href="/np/categories/194726" data-log-props="{ &quot;id&quot;:&quot;category_menu&quot;, &quot;param&quot;:{&quot;categoryLabel&quot;:&quot;food&quot;} }">돼지고기</a></li>   <li><a href="/np/categories/194756" data-log-props="{ &quot;id&quot;:&quot;category_menu&quot;, &quot;param&quot;:{&quot;categoryLabel&quot;:&quot;food&quot;} }">닭/오리고기</a></li>   <li><a href="/np/categories/194792" data-log-props="{ &quot;id&quot;:&quot;category_menu&quot;, &quot;param&quot;:{&quot;categoryLabel&quot;:&quot;food&quot;} }">양/말고기</a></li>   <li><a href="/np/categories/194805" data-log-props="{ &quot;id&quot;:&quot;category_menu&quot;, &quot;param&quot;:{&quot;categoryLabel&quot;:&quot;food&quot;} }">기타 육고기</a></li>   <li><a href="/np/categories/194810" data-log-props="{ &quot;id&quot;:&quot;category_menu&quot;, &quot;param&quot;:{&quot;categoryLabel&quot;:&quot;food&quot;} }">계란/알류/가공란</a></li>   <li><a href="/np/categories/194817" data-log-props="{ &quot;id&quot;:&quot;category_menu&quot;, &quot;param&quot;:{&quot;categoryLabel&quot;:&quot;food&quot;} }">축산선물세트</a></li> </ul></div></li>     <li class="second-depth-list"><a href="/np/categories/194432" data-log-props="{ &quot;id&quot;:&quot;category_menu&quot;, &quot;param&quot;:{&quot;categoryLabel&quot;:&quot;food&quot;} }">채소 <i class="depth-select-icon"></i></a><div class="third-depth-list"><ul>  <li><a href="/np/categories/194434" data-log-props="{ &quot;id&quot;:&quot;category_menu&quot;, &quot;param&quot;:{&quot;categoryLabel&quot;:&quot;food&quot;} }">두부/콩나물</a></li>   <li><a href="/np/categories/194445" data-log-props="{ &quot;id&quot;:&quot;category_menu&quot;, &quot;param&quot;:{&quot;categoryLabel&quot;:&quot;food&quot;} }">감자/고구마</a></li>   <li><a href="/np/categories/194454" data-log-props="{ &quot;id&quot;:&quot;category_menu&quot;, &quot;param&quot;:{&quot;categoryLabel&quot;:&quot;food&quot;} }">당근/뿌리채소</a></li>   <li><a href="/np/categories/194485" data-log-props="{ &quot;id&quot;:&quot;category_menu&quot;, &quot;param&quot;:{&quot;categoryLabel&quot;:&quot;food&quot;} }">오이/고추/열매채소</a></li>   <li><a href="/np/categories/194505" data-log-props="{ &quot;id&quot;:&quot;category_menu&quot;, &quot;param&quot;:{&quot;categoryLabel&quot;:&quot;food&quot;} }">양파/마늘/파</a></li>   <li><a href="/np/categories/194516" data-log-props="{ &quot;id&quot;:&quot;category_menu&quot;, &quot;param&quot;:{&quot;categoryLabel&quot;:&quot;food&quot;} }">배추/무/김장채소</a></li>   <li><a href="/np/categories/194537" data-log-props="{ &quot;id&quot;:&quot;category_menu&quot;, &quot;param&quot;:{&quot;categoryLabel&quot;:&quot;food&quot;} }">시금치/나물/잎줄기채소</a></li>   <li><a href="/np/categories/194569" data-log-props="{ &quot;id&quot;:&quot;category_menu&quot;, &quot;param&quot;:{&quot;categoryLabel&quot;:&quot;food&quot;} }">상추/깻잎/쌈채소</a></li>   <li><a href="/np/categories/194575" data-log-props="{ &quot;id&quot;:&quot;category_menu&quot;, &quot;param&quot;:{&quot;categoryLabel&quot;:&quot;food&quot;} }">샐러드/손질채소</a></li>   <li><a href="/np/categories/194584" data-log-props="{ &quot;id&quot;:&quot;category_menu&quot;, &quot;param&quot;:{&quot;categoryLabel&quot;:&quot;food&quot;} }">새송이/버섯류</a></li>   <li><a href="/np/categories/194603" data-log-props="{ &quot;id&quot;:&quot;category_menu&quot;, &quot;param&quot;:{&quot;categoryLabel&quot;:&quot;food&quot;} }">인삼/건강차재료</a></li>   <li><a href="/np/categories/194619" data-log-props="{ &quot;id&quot;:&quot;category_menu&quot;, &quot;param&quot;:{&quot;categoryLabel&quot;:&quot;food&quot;} }">기타채소</a></li>   <li><a href="/np/categories/194620" data-log-props="{ &quot;id&quot;:&quot;category_menu&quot;, &quot;param&quot;:{&quot;categoryLabel&quot;:&quot;food&quot;} }">건나물/건채소</a></li>  <li class="more-category"><a href="/np/categories/194432">더보기</a></li>  </ul></div></li>     <li class="second-depth-list"><a href="/np/categories/194829" data-log-props="{ &quot;id&quot;:&quot;category_menu&quot;, &quot;param&quot;:{&quot;categoryLabel&quot;:&quot;food&quot;} }">수산물/건어물 <i class="depth-select-icon"></i></a><div class="third-depth-list"><ul>  <li><a href="/np/categories/194831" data-log-props="{ &quot;id&quot;:&quot;category_menu&quot;, &quot;param&quot;:{&quot;categoryLabel&quot;:&quot;food&quot;} }">생선</a></li>   <li><a href="/np/categories/194889" data-log-props="{ &quot;id&quot;:&quot;category_menu&quot;, &quot;param&quot;:{&quot;categoryLabel&quot;:&quot;food&quot;} }">오징어/낙지/연체류</a></li>   <li><a href="/np/categories/194898" data-log-props="{ &quot;id&quot;:&quot;category_menu&quot;, &quot;param&quot;:{&quot;categoryLabel&quot;:&quot;food&quot;} }">새우/게/갑각류</a></li>   <li><a href="/np/categories/194907" data-log-props="{ &quot;id&quot;:&quot;category_menu&quot;, &quot;param&quot;:{&quot;categoryLabel&quot;:&quot;food&quot;} }">전복/굴/조개류</a></li>   <li><a href="/np/categories/194931" data-log-props="{ &quot;id&quot;:&quot;category_menu&quot;, &quot;param&quot;:{&quot;categoryLabel&quot;:&quot;food&quot;} }">멸치/다시팩/기타</a></li>   <li><a href="/np/categories/194938" data-log-props="{ &quot;id&quot;:&quot;category_menu&quot;, &quot;param&quot;:{&quot;categoryLabel&quot;:&quot;food&quot;} }">김/미역/해조류</a></li>   <li><a href="/np/categories/194961" data-log-props="{ &quot;id&quot;:&quot;category_menu&quot;, &quot;param&quot;:{&quot;categoryLabel&quot;:&quot;food&quot;} }">건오징어/쥐포/어포</a></li>   <li><a href="/np/categories/194975" data-log-props="{ &quot;id&quot;:&quot;category_menu&quot;, &quot;param&quot;:{&quot;categoryLabel&quot;:&quot;food&quot;} }">황태/진미채</a></li>   <li><a href="/np/categories/194980" data-log-props="{ &quot;id&quot;:&quot;category_menu&quot;, &quot;param&quot;:{&quot;categoryLabel&quot;:&quot;food&quot;} }">생선알</a></li>   <li><a href="/np/categories/194988" data-log-props="{ &quot;id&quot;:&quot;category_menu&quot;, &quot;param&quot;:{&quot;categoryLabel&quot;:&quot;food&quot;} }">기타수산물/건어물</a></li>   <li><a href="/np/categories/195000" data-log-props="{ &quot;id&quot;:&quot;category_menu&quot;, &quot;param&quot;:{&quot;categoryLabel&quot;:&quot;food&quot;} }">수산물선물세트</a></li> </ul></div></li>    <li class="second-depth-list more-category"><a href="/np/categories/194276">더보기</a></li>                            </ul>
<span class="gnb-banner" style="background: #FFF">
<a class="category-banner-button" href="https://www.coupang.com/np/siteWideEvent?mlpPageId=1307" title="푸드페어" data-log-props="{ &quot;id&quot;:&quot;category_menu_banner&quot;, &quot;param&quot;:{&quot;categoryLabel&quot;:&quot;food&quot;} }">식품</a>
		<img alt="푸드페어" data-banner-src="//image6.coupangcdn.com/image/displayitem/displayitem_71875b20-adad-49fc-b974-4ccbaa381e4f.jpg" class="category-banner-image">
</span>

</div></div></li>







        <li class="kitchen"><a href="/np/categories/185669" class="first-depth" data-log-props="{ &quot;id&quot;:&quot;category_menu&quot;, &quot;param&quot;:{&quot;categoryLabel&quot;:&quot;kitchen&quot;} }">주방용품<i class="select-icon"></i></a><div class="depth"><div class="depth-list banner third"><ul>   <li class="second-depth-list"><a href="/np/categories/185671" data-log-props="{ &quot;id&quot;:&quot;category_menu&quot;, &quot;param&quot;:{&quot;categoryLabel&quot;:&quot;kitchen&quot;} }">냄비/프라이팬 <i class="depth-select-icon"></i></a><div class="third-depth-list"><ul>  <li><a href="/np/categories/185673" data-log-props="{ &quot;id&quot;:&quot;category_menu&quot;, &quot;param&quot;:{&quot;categoryLabel&quot;:&quot;kitchen&quot;} }">냄비/뚝배기</a></li>   <li><a href="/np/categories/185686" data-log-props="{ &quot;id&quot;:&quot;category_menu&quot;, &quot;param&quot;:{&quot;categoryLabel&quot;:&quot;kitchen&quot;} }">프라이팬</a></li>   <li><a href="/np/categories/185705" data-log-props="{ &quot;id&quot;:&quot;category_menu&quot;, &quot;param&quot;:{&quot;categoryLabel&quot;:&quot;kitchen&quot;} }">냄비/프라이팬세트</a></li>   <li><a href="/np/categories/185722" data-log-props="{ &quot;id&quot;:&quot;category_menu&quot;, &quot;param&quot;:{&quot;categoryLabel&quot;:&quot;kitchen&quot;} }">찜솥/들통</a></li>   <li><a href="/np/categories/185729" data-log-props="{ &quot;id&quot;:&quot;category_menu&quot;, &quot;param&quot;:{&quot;categoryLabel&quot;:&quot;kitchen&quot;} }">압력솥/가마솥</a></li> </ul></div></li>     <li class="second-depth-list"><a href="/np/categories/185976" data-log-props="{ &quot;id&quot;:&quot;category_menu&quot;, &quot;param&quot;:{&quot;categoryLabel&quot;:&quot;kitchen&quot;} }">주방조리도구 <i class="depth-select-icon"></i></a><div class="third-depth-list"><ul>  <li><a href="/np/categories/186012" data-log-props="{ &quot;id&quot;:&quot;category_menu&quot;, &quot;param&quot;:{&quot;categoryLabel&quot;:&quot;kitchen&quot;} }">조리도구</a></li>   <li><a href="/np/categories/186038" data-log-props="{ &quot;id&quot;:&quot;category_menu&quot;, &quot;param&quot;:{&quot;categoryLabel&quot;:&quot;kitchen&quot;} }">조리도구세트</a></li>   <li><a href="/np/categories/186045" data-log-props="{ &quot;id&quot;:&quot;category_menu&quot;, &quot;param&quot;:{&quot;categoryLabel&quot;:&quot;kitchen&quot;} }">가위/슬라이서/스퀴져</a></li>   <li><a href="/np/categories/186059" data-log-props="{ &quot;id&quot;:&quot;category_menu&quot;, &quot;param&quot;:{&quot;categoryLabel&quot;:&quot;kitchen&quot;} }">믹싱볼/대야</a></li>   <li><a href="/np/categories/186063" data-log-props="{ &quot;id&quot;:&quot;category_menu&quot;, &quot;param&quot;:{&quot;categoryLabel&quot;:&quot;kitchen&quot;} }">채반/소쿠리</a></li>   <li><a href="/np/categories/186067" data-log-props="{ &quot;id&quot;:&quot;category_menu&quot;, &quot;param&quot;:{&quot;categoryLabel&quot;:&quot;kitchen&quot;} }">다지기/절구/밀대</a></li>   <li><a href="/np/categories/486528" data-log-props="{ &quot;id&quot;:&quot;category_menu&quot;, &quot;param&quot;:{&quot;categoryLabel&quot;:&quot;kitchen&quot;} }">석쇠/버너/화로</a></li>   <li><a href="/np/categories/186085" data-log-props="{ &quot;id&quot;:&quot;category_menu&quot;, &quot;param&quot;:{&quot;categoryLabel&quot;:&quot;kitchen&quot;} }">야채탈수기</a></li>   <li><a href="/np/categories/407524" data-log-props="{ &quot;id&quot;:&quot;category_menu&quot;, &quot;param&quot;:{&quot;categoryLabel&quot;:&quot;kitchen&quot;} }">간식/도시락조리도구</a></li>   <li><a href="/np/categories/509037" data-log-props="{ &quot;id&quot;:&quot;category_menu&quot;, &quot;param&quot;:{&quot;categoryLabel&quot;:&quot;kitchen&quot;} }">베이킹용품</a></li>   <li><a href="/np/categories/509166" data-log-props="{ &quot;id&quot;:&quot;category_menu&quot;, &quot;param&quot;:{&quot;categoryLabel&quot;:&quot;kitchen&quot;} }">칼</a></li>   <li><a href="/np/categories/508986" data-log-props="{ &quot;id&quot;:&quot;category_menu&quot;, &quot;param&quot;:{&quot;categoryLabel&quot;:&quot;kitchen&quot;} }">도마</a></li> </ul></div></li>     <li class="second-depth-list"><a href="/np/categories/185735" data-log-props="{ &quot;id&quot;:&quot;category_menu&quot;, &quot;param&quot;:{&quot;categoryLabel&quot;:&quot;kitchen&quot;} }">그릇/홈세트 <i class="depth-select-icon"></i></a><div class="third-depth-list"><ul>  <li><a href="/np/categories/185737" data-log-props="{ &quot;id&quot;:&quot;category_menu&quot;, &quot;param&quot;:{&quot;categoryLabel&quot;:&quot;kitchen&quot;} }">식기홈세트</a></li>   <li><a href="/np/categories/185744" data-log-props="{ &quot;id&quot;:&quot;category_menu&quot;, &quot;param&quot;:{&quot;categoryLabel&quot;:&quot;kitchen&quot;} }">그릇/식기</a></li>   <li><a href="/np/categories/185782" data-log-props="{ &quot;id&quot;:&quot;category_menu&quot;, &quot;param&quot;:{&quot;categoryLabel&quot;:&quot;kitchen&quot;} }">접시/플레이트</a></li>   <li><a href="/np/categories/486307" data-log-props="{ &quot;id&quot;:&quot;category_menu&quot;, &quot;param&quot;:{&quot;categoryLabel&quot;:&quot;kitchen&quot;} }">식탁보/테이블매트</a></li>   <li><a href="/np/categories/185792" data-log-props="{ &quot;id&quot;:&quot;category_menu&quot;, &quot;param&quot;:{&quot;categoryLabel&quot;:&quot;kitchen&quot;} }">쟁반/베드트레이</a></li>   <li><a href="/np/categories/185764" data-log-props="{ &quot;id&quot;:&quot;category_menu&quot;, &quot;param&quot;:{&quot;categoryLabel&quot;:&quot;kitchen&quot;} }">이유/유아식기</a></li>   <li><a href="/np/categories/509147" data-log-props="{ &quot;id&quot;:&quot;category_menu&quot;, &quot;param&quot;:{&quot;categoryLabel&quot;:&quot;kitchen&quot;} }">제기/제수용품</a></li> </ul></div></li>     <li class="second-depth-list"><a href="/np/categories/185823" data-log-props="{ &quot;id&quot;:&quot;category_menu&quot;, &quot;param&quot;:{&quot;categoryLabel&quot;:&quot;kitchen&quot;} }">수저/커트러리 <i class="depth-select-icon"></i></a><div class="third-depth-list"><ul>  <li><a href="/np/categories/185825" data-log-props="{ &quot;id&quot;:&quot;category_menu&quot;, &quot;param&quot;:{&quot;categoryLabel&quot;:&quot;kitchen&quot;} }">수저/커트러리세트</a></li>   <li><a href="/np/categories/185831" data-log-props="{ &quot;id&quot;:&quot;category_menu&quot;, &quot;param&quot;:{&quot;categoryLabel&quot;:&quot;kitchen&quot;} }">숟가락/티스푼</a></li>   <li><a href="/np/categories/185837" data-log-props="{ &quot;id&quot;:&quot;category_menu&quot;, &quot;param&quot;:{&quot;categoryLabel&quot;:&quot;kitchen&quot;} }">젓가락</a></li>   <li><a href="/np/categories/185841" data-log-props="{ &quot;id&quot;:&quot;category_menu&quot;, &quot;param&quot;:{&quot;categoryLabel&quot;:&quot;kitchen&quot;} }">포크/디저트포크</a></li>   <li><a href="/np/categories/185846" data-log-props="{ &quot;id&quot;:&quot;category_menu&quot;, &quot;param&quot;:{&quot;categoryLabel&quot;:&quot;kitchen&quot;} }">나이프</a></li>   <li><a href="/np/categories/185852" data-log-props="{ &quot;id&quot;:&quot;category_menu&quot;, &quot;param&quot;:{&quot;categoryLabel&quot;:&quot;kitchen&quot;} }">유아동수저</a></li>   <li><a href="/np/categories/185863" data-log-props="{ &quot;id&quot;:&quot;category_menu&quot;, &quot;param&quot;:{&quot;categoryLabel&quot;:&quot;kitchen&quot;} }">서빙스푼/스쿱</a></li>   <li><a href="/np/categories/185867" data-log-props="{ &quot;id&quot;:&quot;category_menu&quot;, &quot;param&quot;:{&quot;categoryLabel&quot;:&quot;kitchen&quot;} }">수저통/수저받침</a></li> </ul></div></li>     <li class="second-depth-list"><a href="/np/categories/185797" data-log-props="{ &quot;id&quot;:&quot;category_menu&quot;, &quot;param&quot;:{&quot;categoryLabel&quot;:&quot;kitchen&quot;} }">컵/텀블러/와인용품 <i class="depth-select-icon"></i></a><div class="third-depth-list"><ul>  <li><a href="/np/categories/185799" data-log-props="{ &quot;id&quot;:&quot;category_menu&quot;, &quot;param&quot;:{&quot;categoryLabel&quot;:&quot;kitchen&quot;} }">머그/드링크자</a></li>   <li><a href="/np/categories/185805" data-log-props="{ &quot;id&quot;:&quot;category_menu&quot;, &quot;param&quot;:{&quot;categoryLabel&quot;:&quot;kitchen&quot;} }">커피잔/찻잔</a></li>   <li><a href="/np/categories/185804" data-log-props="{ &quot;id&quot;:&quot;category_menu&quot;, &quot;param&quot;:{&quot;categoryLabel&quot;:&quot;kitchen&quot;} }">텀블러/콜드컵</a></li>   <li><a href="/np/categories/509280" data-log-props="{ &quot;id&quot;:&quot;category_menu&quot;, &quot;param&quot;:{&quot;categoryLabel&quot;:&quot;kitchen&quot;} }">유아동컵/빨대컵</a></li>   <li><a href="/np/categories/185803" data-log-props="{ &quot;id&quot;:&quot;category_menu&quot;, &quot;param&quot;:{&quot;categoryLabel&quot;:&quot;kitchen&quot;} }">물컵/주스컵/스텐컵</a></li>   <li><a href="/np/categories/185811" data-log-props="{ &quot;id&quot;:&quot;category_menu&quot;, &quot;param&quot;:{&quot;categoryLabel&quot;:&quot;kitchen&quot;} }">유리컵/맥주잔</a></li>   <li><a href="/np/categories/508998" data-log-props="{ &quot;id&quot;:&quot;category_menu&quot;, &quot;param&quot;:{&quot;categoryLabel&quot;:&quot;kitchen&quot;} }">와인용품</a></li>   <li><a href="/np/categories/509134" data-log-props="{ &quot;id&quot;:&quot;category_menu&quot;, &quot;param&quot;:{&quot;categoryLabel&quot;:&quot;kitchen&quot;} }">주류용품</a></li>   <li><a href="/np/categories/185819" data-log-props="{ &quot;id&quot;:&quot;category_menu&quot;, &quot;param&quot;:{&quot;categoryLabel&quot;:&quot;kitchen&quot;} }">컵소품</a></li> </ul></div></li>     <li class="second-depth-list"><a href="/np/categories/186412" data-log-props="{ &quot;id&quot;:&quot;category_menu&quot;, &quot;param&quot;:{&quot;categoryLabel&quot;:&quot;kitchen&quot;} }">주전자/커피/티용품 <i class="depth-select-icon"></i></a><div class="third-depth-list"><ul>  <li><a href="/np/categories/508880" data-log-props="{ &quot;id&quot;:&quot;category_menu&quot;, &quot;param&quot;:{&quot;categoryLabel&quot;:&quot;kitchen&quot;} }">주전자/티포트</a></li>   <li><a href="/np/categories/186414" data-log-props="{ &quot;id&quot;:&quot;category_menu&quot;, &quot;param&quot;:{&quot;categoryLabel&quot;:&quot;kitchen&quot;} }">커피용품</a></li>   <li><a href="/np/categories/186440" data-log-props="{ &quot;id&quot;:&quot;category_menu&quot;, &quot;param&quot;:{&quot;categoryLabel&quot;:&quot;kitchen&quot;} }">티용품</a></li> </ul></div></li>     <li class="second-depth-list"><a href="/np/categories/186147" data-log-props="{ &quot;id&quot;:&quot;category_menu&quot;, &quot;param&quot;:{&quot;categoryLabel&quot;:&quot;kitchen&quot;} }">주방수납/정리 <i class="depth-select-icon"></i></a><div class="third-depth-list"><ul>  <li><a href="/np/categories/384929" data-log-props="{ &quot;id&quot;:&quot;category_menu&quot;, &quot;param&quot;:{&quot;categoryLabel&quot;:&quot;kitchen&quot;} }">공간별수납/정리</a></li>   <li><a href="/np/categories/186149" data-log-props="{ &quot;id&quot;:&quot;category_menu&quot;, &quot;param&quot;:{&quot;categoryLabel&quot;:&quot;kitchen&quot;} }">식기건조대/선반</a></li>   <li><a href="/np/categories/403183" data-log-props="{ &quot;id&quot;:&quot;category_menu&quot;, &quot;param&quot;:{&quot;categoryLabel&quot;:&quot;kitchen&quot;} }">주방정리소품</a></li>   <li><a href="/np/categories/509117" data-log-props="{ &quot;id&quot;:&quot;category_menu&quot;, &quot;param&quot;:{&quot;categoryLabel&quot;:&quot;kitchen&quot;} }">교자상</a></li> </ul></div></li>     <li class="second-depth-list"><a href="/np/categories/185872" data-log-props="{ &quot;id&quot;:&quot;category_menu&quot;, &quot;param&quot;:{&quot;categoryLabel&quot;:&quot;kitchen&quot;} }">밀폐저장/도시락 <i class="depth-select-icon"></i></a><div class="third-depth-list"><ul>  <li><a href="/np/categories/185874" data-log-props="{ &quot;id&quot;:&quot;category_menu&quot;, &quot;param&quot;:{&quot;categoryLabel&quot;:&quot;kitchen&quot;} }">밀폐보관용기</a></li>   <li><a href="/np/categories/185884" data-log-props="{ &quot;id&quot;:&quot;category_menu&quot;, &quot;param&quot;:{&quot;categoryLabel&quot;:&quot;kitchen&quot;} }">특수저장용기</a></li>   <li><a href="/np/categories/185896" data-log-props="{ &quot;id&quot;:&quot;category_menu&quot;, &quot;param&quot;:{&quot;categoryLabel&quot;:&quot;kitchen&quot;} }">양념통/오일병</a></li>   <li><a href="/np/categories/185907" data-log-props="{ &quot;id&quot;:&quot;category_menu&quot;, &quot;param&quot;:{&quot;categoryLabel&quot;:&quot;kitchen&quot;} }">쌀통/잡곡통/항아리</a></li>   <li><a href="/np/categories/185913" data-log-props="{ &quot;id&quot;:&quot;category_menu&quot;, &quot;param&quot;:{&quot;categoryLabel&quot;:&quot;kitchen&quot;} }">김치통/진공항아리</a></li>   <li><a href="/np/categories/185914" data-log-props="{ &quot;id&quot;:&quot;category_menu&quot;, &quot;param&quot;:{&quot;categoryLabel&quot;:&quot;kitchen&quot;} }">물병/물통/텀블러</a></li>   <li><a href="/np/categories/185940" data-log-props="{ &quot;id&quot;:&quot;category_menu&quot;, &quot;param&quot;:{&quot;categoryLabel&quot;:&quot;kitchen&quot;} }">도시락통/가방/찬합</a></li>   <li><a href="/np/categories/509268" data-log-props="{ &quot;id&quot;:&quot;category_menu&quot;, &quot;param&quot;:{&quot;categoryLabel&quot;:&quot;kitchen&quot;} }">이유식조리보관</a></li>   <li><a href="/np/categories/509273" data-log-props="{ &quot;id&quot;:&quot;category_menu&quot;, &quot;param&quot;:{&quot;categoryLabel&quot;:&quot;kitchen&quot;} }">유아동물병/도시락</a></li> </ul></div></li>     <li class="second-depth-list"><a href="/np/categories/399678" data-log-props="{ &quot;id&quot;:&quot;category_menu&quot;, &quot;param&quot;:{&quot;categoryLabel&quot;:&quot;kitchen&quot;} }">주방잡화 <i class="depth-select-icon"></i></a><div class="third-depth-list"><ul>  <li><a href="/np/categories/399679" data-log-props="{ &quot;id&quot;:&quot;category_menu&quot;, &quot;param&quot;:{&quot;categoryLabel&quot;:&quot;kitchen&quot;} }">수세미/세척솔</a></li>   <li><a href="/np/categories/399685" data-log-props="{ &quot;id&quot;:&quot;category_menu&quot;, &quot;param&quot;:{&quot;categoryLabel&quot;:&quot;kitchen&quot;} }">고무장갑</a></li>   <li><a href="/np/categories/399686" data-log-props="{ &quot;id&quot;:&quot;category_menu&quot;, &quot;param&quot;:{&quot;categoryLabel&quot;:&quot;kitchen&quot;} }">행주</a></li>   <li><a href="/np/categories/399689" data-log-props="{ &quot;id&quot;:&quot;category_menu&quot;, &quot;param&quot;:{&quot;categoryLabel&quot;:&quot;kitchen&quot;} }">앞치마/오븐장갑</a></li>   <li><a href="/np/categories/399696" data-log-props="{ &quot;id&quot;:&quot;category_menu&quot;, &quot;param&quot;:{&quot;categoryLabel&quot;:&quot;kitchen&quot;} }">주방매트/다용도매트</a></li>   <li><a href="/np/categories/399700" data-log-props="{ &quot;id&quot;:&quot;category_menu&quot;, &quot;param&quot;:{&quot;categoryLabel&quot;:&quot;kitchen&quot;} }">식탁보/테이블매트</a></li>   <li><a href="/np/categories/399705" data-log-props="{ &quot;id&quot;:&quot;category_menu&quot;, &quot;param&quot;:{&quot;categoryLabel&quot;:&quot;kitchen&quot;} }">음식물쓰레기통</a></li>   <li><a href="/np/categories/399708" data-log-props="{ &quot;id&quot;:&quot;category_menu&quot;, &quot;param&quot;:{&quot;categoryLabel&quot;:&quot;kitchen&quot;} }">싱크대용품</a></li>   <li><a href="/np/categories/399712" data-log-props="{ &quot;id&quot;:&quot;category_menu&quot;, &quot;param&quot;:{&quot;categoryLabel&quot;:&quot;kitchen&quot;} }">아트보드/렌지가드</a></li>   <li><a href="/np/categories/399716" data-log-props="{ &quot;id&quot;:&quot;category_menu&quot;, &quot;param&quot;:{&quot;categoryLabel&quot;:&quot;kitchen&quot;} }">계량/저울/타이머</a></li>   <li><a href="/np/categories/399723" data-log-props="{ &quot;id&quot;:&quot;category_menu&quot;, &quot;param&quot;:{&quot;categoryLabel&quot;:&quot;kitchen&quot;} }">덮개/받침</a></li>   <li><a href="/np/categories/399732" data-log-props="{ &quot;id&quot;:&quot;category_menu&quot;, &quot;param&quot;:{&quot;categoryLabel&quot;:&quot;kitchen&quot;} }">냅킨/주방수건</a></li>   <li><a href="/np/categories/399736" data-log-props="{ &quot;id&quot;:&quot;category_menu&quot;, &quot;param&quot;:{&quot;categoryLabel&quot;:&quot;kitchen&quot;} }">오프너/병따개</a></li>  <li class="more-category"><a href="/np/categories/399678">더보기</a></li>  </ul></div></li>     <li class="second-depth-list"><a href="/np/categories/186260" data-log-props="{ &quot;id&quot;:&quot;category_menu&quot;, &quot;param&quot;:{&quot;categoryLabel&quot;:&quot;kitchen&quot;} }">일회용품/종이컵 <i class="depth-select-icon"></i></a><div class="third-depth-list"><ul>  <li><a href="/np/categories/186262" data-log-props="{ &quot;id&quot;:&quot;category_menu&quot;, &quot;param&quot;:{&quot;categoryLabel&quot;:&quot;kitchen&quot;} }">랩/호일/유산지</a></li>   <li><a href="/np/categories/276482" data-log-props="{ &quot;id&quot;:&quot;category_menu&quot;, &quot;param&quot;:{&quot;categoryLabel&quot;:&quot;kitchen&quot;} }">키친타올</a></li>   <li><a href="/np/categories/186273" data-log-props="{ &quot;id&quot;:&quot;category_menu&quot;, &quot;param&quot;:{&quot;categoryLabel&quot;:&quot;kitchen&quot;} }">일회용장갑</a></li>   <li><a href="/np/categories/186277" data-log-props="{ &quot;id&quot;:&quot;category_menu&quot;, &quot;param&quot;:{&quot;categoryLabel&quot;:&quot;kitchen&quot;} }">위생백/비닐봉투</a></li>   <li><a href="/np/categories/186285" data-log-props="{ &quot;id&quot;:&quot;category_menu&quot;, &quot;param&quot;:{&quot;categoryLabel&quot;:&quot;kitchen&quot;} }">일회용컵</a></li>   <li><a href="/np/categories/186298" data-log-props="{ &quot;id&quot;:&quot;category_menu&quot;, &quot;param&quot;:{&quot;categoryLabel&quot;:&quot;kitchen&quot;} }">일회용수저</a></li>   <li><a href="/np/categories/186305" data-log-props="{ &quot;id&quot;:&quot;category_menu&quot;, &quot;param&quot;:{&quot;categoryLabel&quot;:&quot;kitchen&quot;} }">일회용용기/도시락</a></li>   <li><a href="/np/categories/497112" data-log-props="{ &quot;id&quot;:&quot;category_menu&quot;, &quot;param&quot;:{&quot;categoryLabel&quot;:&quot;kitchen&quot;} }">배달일회용용품</a></li>   <li><a href="/np/categories/186315" data-log-props="{ &quot;id&quot;:&quot;category_menu&quot;, &quot;param&quot;:{&quot;categoryLabel&quot;:&quot;kitchen&quot;} }">빨대/스트로우</a></li>   <li><a href="/np/categories/186322" data-log-props="{ &quot;id&quot;:&quot;category_menu&quot;, &quot;param&quot;:{&quot;categoryLabel&quot;:&quot;kitchen&quot;} }">기타주방일회용품</a></li> </ul></div></li>     <li class="second-depth-list"><a href="/np/categories/185955" data-log-props="{ &quot;id&quot;:&quot;category_menu&quot;, &quot;param&quot;:{&quot;categoryLabel&quot;:&quot;kitchen&quot;} }">보온/보냉용품 <i class="depth-select-icon"></i></a><div class="third-depth-list"><ul>  <li><a href="/np/categories/185957" data-log-props="{ &quot;id&quot;:&quot;category_menu&quot;, &quot;param&quot;:{&quot;categoryLabel&quot;:&quot;kitchen&quot;} }">보온/보냉병</a></li>   <li><a href="/np/categories/185958" data-log-props="{ &quot;id&quot;:&quot;category_menu&quot;, &quot;param&quot;:{&quot;categoryLabel&quot;:&quot;kitchen&quot;} }">보온/보냉도시락</a></li>   <li><a href="/np/categories/185962" data-log-props="{ &quot;id&quot;:&quot;category_menu&quot;, &quot;param&quot;:{&quot;categoryLabel&quot;:&quot;kitchen&quot;} }">보온죽통/푸드자</a></li>   <li><a href="/np/categories/185963" data-log-props="{ &quot;id&quot;:&quot;category_menu&quot;, &quot;param&quot;:{&quot;categoryLabel&quot;:&quot;kitchen&quot;} }">보온/보냉텀블러</a></li>   <li><a href="/np/categories/185964" data-log-props="{ &quot;id&quot;:&quot;category_menu&quot;, &quot;param&quot;:{&quot;categoryLabel&quot;:&quot;kitchen&quot;} }">보온/보냉주전자</a></li>   <li><a href="/np/categories/185965" data-log-props="{ &quot;id&quot;:&quot;category_menu&quot;, &quot;param&quot;:{&quot;categoryLabel&quot;:&quot;kitchen&quot;} }">아이스박스/아이스팩</a></li>   <li><a href="/np/categories/185969" data-log-props="{ &quot;id&quot;:&quot;category_menu&quot;, &quot;param&quot;:{&quot;categoryLabel&quot;:&quot;kitchen&quot;} }">아이스물통/워터저그</a></li>   <li><a href="/np/categories/185970" data-log-props="{ &quot;id&quot;:&quot;category_menu&quot;, &quot;param&quot;:{&quot;categoryLabel&quot;:&quot;kitchen&quot;} }">쿨러백/보온보냉소품</a></li> </ul></div></li>     <li class="second-depth-list"><a href="/np/categories/429840" data-log-props="{ &quot;id&quot;:&quot;category_menu&quot;, &quot;param&quot;:{&quot;categoryLabel&quot;:&quot;kitchen&quot;} }">1인가구 주방용품 <i class="depth-select-icon"></i></a><div class="third-depth-list"><ul>  <li><a href="/np/campaigns/2346" data-log-props="{ &quot;id&quot;:&quot;category_menu&quot;, &quot;param&quot;:{&quot;categoryLabel&quot;:&quot;kitchen&quot;} }">1인 식기세트</a></li>   <li><a href="/np/categories/429842" data-log-props="{ &quot;id&quot;:&quot;category_menu&quot;, &quot;param&quot;:{&quot;categoryLabel&quot;:&quot;kitchen&quot;} }">샐러드볼/시리얼볼</a></li>   <li><a href="/np/campaigns/2159" data-log-props="{ &quot;id&quot;:&quot;category_menu&quot;, &quot;param&quot;:{&quot;categoryLabel&quot;:&quot;kitchen&quot;} }">미니밥솥</a></li>   <li><a href="/np/campaigns/2373" data-log-props="{ &quot;id&quot;:&quot;category_menu&quot;, &quot;param&quot;:{&quot;categoryLabel&quot;:&quot;kitchen&quot;} }">냉동밥 보관용기</a></li>   <li><a href="/np/categories/429847" data-log-props="{ &quot;id&quot;:&quot;category_menu&quot;, &quot;param&quot;:{&quot;categoryLabel&quot;:&quot;kitchen&quot;} }">홈바</a></li>   <li><a href="/np/categories/429853" data-log-props="{ &quot;id&quot;:&quot;category_menu&quot;, &quot;param&quot;:{&quot;categoryLabel&quot;:&quot;kitchen&quot;} }">전자레인지</a></li>   <li><a href="/np/campaigns/2369" data-log-props="{ &quot;id&quot;:&quot;category_menu&quot;, &quot;param&quot;:{&quot;categoryLabel&quot;:&quot;kitchen&quot;} }">전기레인지</a></li>   <li><a href="/np/categories/429855" data-log-props="{ &quot;id&quot;:&quot;category_menu&quot;, &quot;param&quot;:{&quot;categoryLabel&quot;:&quot;kitchen&quot;} }">에어프라이어</a></li>   <li><a href="/np/categories/429856" data-log-props="{ &quot;id&quot;:&quot;category_menu&quot;, &quot;param&quot;:{&quot;categoryLabel&quot;:&quot;kitchen&quot;} }">멀티포트/티포트</a></li>   <li><a href="/np/categories/429857" data-log-props="{ &quot;id&quot;:&quot;category_menu&quot;, &quot;param&quot;:{&quot;categoryLabel&quot;:&quot;kitchen&quot;} }">핸드블렌더</a></li>   <li><a href="/np/categories/429858" data-log-props="{ &quot;id&quot;:&quot;category_menu&quot;, &quot;param&quot;:{&quot;categoryLabel&quot;:&quot;kitchen&quot;} }">토스터</a></li>   <li><a href="/np/categories/429859" data-log-props="{ &quot;id&quot;:&quot;category_menu&quot;, &quot;param&quot;:{&quot;categoryLabel&quot;:&quot;kitchen&quot;} }">냄비/프라이팬</a></li>   <li><a href="/np/categories/429862" data-log-props="{ &quot;id&quot;:&quot;category_menu&quot;, &quot;param&quot;:{&quot;categoryLabel&quot;:&quot;kitchen&quot;} }">칼/가위/도마</a></li>  <li class="more-category"><a href="/np/categories/429840">더보기</a></li>           </ul></div></li>     <li class="second-depth-list"><a href="/np/categories/186504" data-log-props="{ &quot;id&quot;:&quot;category_menu&quot;, &quot;param&quot;:{&quot;categoryLabel&quot;:&quot;kitchen&quot;} }">주방가전 <i class="depth-select-icon"></i></a><div class="third-depth-list"><ul>  <li><a href="/np/categories/186506" data-log-props="{ &quot;id&quot;:&quot;category_menu&quot;, &quot;param&quot;:{&quot;categoryLabel&quot;:&quot;kitchen&quot;} }">전기밥솥</a></li>   <li><a href="/np/categories/445266" data-log-props="{ &quot;id&quot;:&quot;category_menu&quot;, &quot;param&quot;:{&quot;categoryLabel&quot;:&quot;kitchen&quot;} }">전자레인지</a></li>   <li><a href="/np/categories/445267" data-log-props="{ &quot;id&quot;:&quot;category_menu&quot;, &quot;param&quot;:{&quot;categoryLabel&quot;:&quot;kitchen&quot;} }">오븐</a></li>   <li><a href="/np/categories/384889" data-log-props="{ &quot;id&quot;:&quot;category_menu&quot;, &quot;param&quot;:{&quot;categoryLabel&quot;:&quot;kitchen&quot;} }">가스레인지</a></li>   <li><a href="/np/categories/384890" data-log-props="{ &quot;id&quot;:&quot;category_menu&quot;, &quot;param&quot;:{&quot;categoryLabel&quot;:&quot;kitchen&quot;} }">전기레인지</a></li>   <li><a href="/np/categories/186585" data-log-props="{ &quot;id&quot;:&quot;category_menu&quot;, &quot;param&quot;:{&quot;categoryLabel&quot;:&quot;kitchen&quot;} }">식기세척/건조기</a></li>   <li><a href="/np/categories/186543" data-log-props="{ &quot;id&quot;:&quot;category_menu&quot;, &quot;param&quot;:{&quot;categoryLabel&quot;:&quot;kitchen&quot;} }">믹서기/블렌더</a></li>   <li><a href="/np/categories/186533" data-log-props="{ &quot;id&quot;:&quot;category_menu&quot;, &quot;param&quot;:{&quot;categoryLabel&quot;:&quot;kitchen&quot;} }">커피메이커/머신</a></li>   <li><a href="/np/categories/427583" data-log-props="{ &quot;id&quot;:&quot;category_menu&quot;, &quot;param&quot;:{&quot;categoryLabel&quot;:&quot;kitchen&quot;} }">빙수기/제빙기</a></li>   <li><a href="/np/categories/384907" data-log-props="{ &quot;id&quot;:&quot;category_menu&quot;, &quot;param&quot;:{&quot;categoryLabel&quot;:&quot;kitchen&quot;} }">전기포트</a></li>   <li><a href="/np/categories/445272" data-log-props="{ &quot;id&quot;:&quot;category_menu&quot;, &quot;param&quot;:{&quot;categoryLabel&quot;:&quot;kitchen&quot;} }">에어프라이어</a></li>   <li><a href="/np/categories/445273" data-log-props="{ &quot;id&quot;:&quot;category_menu&quot;, &quot;param&quot;:{&quot;categoryLabel&quot;:&quot;kitchen&quot;} }">튀김기</a></li>   <li><a href="/np/categories/445278" data-log-props="{ &quot;id&quot;:&quot;category_menu&quot;, &quot;param&quot;:{&quot;categoryLabel&quot;:&quot;kitchen&quot;} }">토스터</a></li>  <li class="more-category"><a href="/np/categories/186504">더보기</a></li>                                   </ul></div></li>  </ul>
<span class="gnb-banner" style="background: #FFF">
<a class="category-banner-button" href="https://pages.coupang.com/p/135047" title="2025 이주의 키친트렌드(25/5/27~상시)" data-log-props="{ &quot;id&quot;:&quot;category_menu_banner&quot;, &quot;param&quot;:{&quot;categoryLabel&quot;:&quot;kitchen&quot;} }">주방용품</a>
		<img alt="2025 이주의 키친트렌드(25/5/27~상시)" data-banner-src="//image8.coupangcdn.com/image/displayitem/displayitem_c506dd56-9cfe-472d-8da2-f3b72f94db9f.png" class="category-banner-image">
</span>

</div></div></li>







        <li class="life"><a href="/np/categories/115673" class="first-depth" data-log-props="{ &quot;id&quot;:&quot;category_menu&quot;, &quot;param&quot;:{&quot;categoryLabel&quot;:&quot;living&quot;} }">생활용품<i class="select-icon"></i></a><div class="depth"><div class="depth-list banner third"><ul>   <li class="second-depth-list"><a href="/np/categories/123111" data-log-props="{ &quot;id&quot;:&quot;category_menu&quot;, &quot;param&quot;:{&quot;categoryLabel&quot;:&quot;living&quot;} }">헤어 <i class="depth-select-icon"></i></a><div class="third-depth-list"><ul>  <li><a href="/np/categories/123139" data-log-props="{ &quot;id&quot;:&quot;category_menu&quot;, &quot;param&quot;:{&quot;categoryLabel&quot;:&quot;living&quot;} }">샴푸/린스</a></li>   <li><a href="/np/categories/123170" data-log-props="{ &quot;id&quot;:&quot;category_menu&quot;, &quot;param&quot;:{&quot;categoryLabel&quot;:&quot;living&quot;} }">트리트먼트/팩/앰플</a></li>   <li><a href="/np/categories/126790" data-log-props="{ &quot;id&quot;:&quot;category_menu&quot;, &quot;param&quot;:{&quot;categoryLabel&quot;:&quot;living&quot;} }">스타일링/케어/세트</a></li>   <li><a href="/np/categories/126791" data-log-props="{ &quot;id&quot;:&quot;category_menu&quot;, &quot;param&quot;:{&quot;categoryLabel&quot;:&quot;living&quot;} }">염색/파마</a></li> </ul></div></li>     <li class="second-depth-list"><a href="/np/categories/509357" data-log-props="{ &quot;id&quot;:&quot;category_menu&quot;, &quot;param&quot;:{&quot;categoryLabel&quot;:&quot;living&quot;} }">바디/세안 <i class="depth-select-icon"></i></a><div class="third-depth-list"><ul>  <li><a href="/np/categories/509358" data-log-props="{ &quot;id&quot;:&quot;category_menu&quot;, &quot;param&quot;:{&quot;categoryLabel&quot;:&quot;living&quot;} }">샤워/입욕용품</a></li>   <li><a href="/np/categories/509509" data-log-props="{ &quot;id&quot;:&quot;category_menu&quot;, &quot;param&quot;:{&quot;categoryLabel&quot;:&quot;living&quot;} }">바디로션/크림</a></li>   <li><a href="/np/categories/509518" data-log-props="{ &quot;id&quot;:&quot;category_menu&quot;, &quot;param&quot;:{&quot;categoryLabel&quot;:&quot;living&quot;} }">핸드/풋/데오</a></li>   <li><a href="/np/categories/509543" data-log-props="{ &quot;id&quot;:&quot;category_menu&quot;, &quot;param&quot;:{&quot;categoryLabel&quot;:&quot;living&quot;} }">제모/슬리밍/청결제</a></li>   <li><a href="/np/categories/509562" data-log-props="{ &quot;id&quot;:&quot;category_menu&quot;, &quot;param&quot;:{&quot;categoryLabel&quot;:&quot;living&quot;} }">클렌징/필링</a></li> </ul></div></li>     <li class="second-depth-list"><a href="/np/categories/114471" data-log-props="{ &quot;id&quot;:&quot;category_menu&quot;, &quot;param&quot;:{&quot;categoryLabel&quot;:&quot;living&quot;} }">구강/면도 <i class="depth-select-icon"></i></a><div class="third-depth-list"><ul>  <li><a href="/np/categories/114563" data-log-props="{ &quot;id&quot;:&quot;category_menu&quot;, &quot;param&quot;:{&quot;categoryLabel&quot;:&quot;living&quot;} }">면도기/날</a></li>   <li><a href="/np/categories/114564" data-log-props="{ &quot;id&quot;:&quot;category_menu&quot;, &quot;param&quot;:{&quot;categoryLabel&quot;:&quot;living&quot;} }">면도크림/젤</a></li>   <li><a href="/np/categories/114565" data-log-props="{ &quot;id&quot;:&quot;category_menu&quot;, &quot;param&quot;:{&quot;categoryLabel&quot;:&quot;living&quot;} }">치약</a></li>   <li><a href="/np/categories/114566" data-log-props="{ &quot;id&quot;:&quot;category_menu&quot;, &quot;param&quot;:{&quot;categoryLabel&quot;:&quot;living&quot;} }">칫솔</a></li>   <li><a href="/np/categories/281742" data-log-props="{ &quot;id&quot;:&quot;category_menu&quot;, &quot;param&quot;:{&quot;categoryLabel&quot;:&quot;living&quot;} }">전동칫솔/칫솔모</a></li>   <li><a href="/np/categories/159429" data-log-props="{ &quot;id&quot;:&quot;category_menu&quot;, &quot;param&quot;:{&quot;categoryLabel&quot;:&quot;living&quot;} }">치약/칫솔 세트</a></li>   <li><a href="/np/categories/114567" data-log-props="{ &quot;id&quot;:&quot;category_menu&quot;, &quot;param&quot;:{&quot;categoryLabel&quot;:&quot;living&quot;} }">구강청결제</a></li>   <li><a href="/np/categories/114568" data-log-props="{ &quot;id&quot;:&quot;category_menu&quot;, &quot;param&quot;:{&quot;categoryLabel&quot;:&quot;living&quot;} }">치실/치간칫솔</a></li>   <li><a href="/np/categories/114569" data-log-props="{ &quot;id&quot;:&quot;category_menu&quot;, &quot;param&quot;:{&quot;categoryLabel&quot;:&quot;living&quot;} }">치아미백제</a></li>   <li><a href="/np/categories/114570" data-log-props="{ &quot;id&quot;:&quot;category_menu&quot;, &quot;param&quot;:{&quot;categoryLabel&quot;:&quot;living&quot;} }">구강보조용품</a></li> </ul></div></li>     <li class="second-depth-list"><a href="/np/categories/465071" data-log-props="{ &quot;id&quot;:&quot;category_menu&quot;, &quot;param&quot;:{&quot;categoryLabel&quot;:&quot;living&quot;} }">화장지/물티슈 <i class="depth-select-icon"></i></a><div class="third-depth-list"><ul>  <li><a href="/np/categories/465073" data-log-props="{ &quot;id&quot;:&quot;category_menu&quot;, &quot;param&quot;:{&quot;categoryLabel&quot;:&quot;living&quot;} }">화장지</a></li>   <li><a href="/np/categories/465074" data-log-props="{ &quot;id&quot;:&quot;category_menu&quot;, &quot;param&quot;:{&quot;categoryLabel&quot;:&quot;living&quot;} }">갑티슈/여행용티슈</a></li>   <li><a href="/np/categories/465075" data-log-props="{ &quot;id&quot;:&quot;category_menu&quot;, &quot;param&quot;:{&quot;categoryLabel&quot;:&quot;living&quot;} }">물티슈/비데티슈</a></li>   <li><a href="/np/categories/465076" data-log-props="{ &quot;id&quot;:&quot;category_menu&quot;, &quot;param&quot;:{&quot;categoryLabel&quot;:&quot;living&quot;} }">키친타올</a></li> </ul></div></li>     <li class="second-depth-list"><a href="/np/categories/465072" data-log-props="{ &quot;id&quot;:&quot;category_menu&quot;, &quot;param&quot;:{&quot;categoryLabel&quot;:&quot;living&quot;} }">생리대/성인용기저귀 <i class="depth-select-icon"></i></a><div class="third-depth-list"><ul>  <li><a href="/np/categories/465077" data-log-props="{ &quot;id&quot;:&quot;category_menu&quot;, &quot;param&quot;:{&quot;categoryLabel&quot;:&quot;living&quot;} }">일반생리대</a></li>   <li><a href="/np/categories/465078" data-log-props="{ &quot;id&quot;:&quot;category_menu&quot;, &quot;param&quot;:{&quot;categoryLabel&quot;:&quot;living&quot;} }">오버나이트</a></li>   <li><a href="/np/categories/465079" data-log-props="{ &quot;id&quot;:&quot;category_menu&quot;, &quot;param&quot;:{&quot;categoryLabel&quot;:&quot;living&quot;} }">팬티라이너</a></li>   <li><a href="/np/categories/465080" data-log-props="{ &quot;id&quot;:&quot;category_menu&quot;, &quot;param&quot;:{&quot;categoryLabel&quot;:&quot;living&quot;} }">체내형/생리컵</a></li>   <li><a href="/np/categories/465081" data-log-props="{ &quot;id&quot;:&quot;category_menu&quot;, &quot;param&quot;:{&quot;categoryLabel&quot;:&quot;living&quot;} }">면 생리대</a></li>   <li><a href="/np/categories/465083" data-log-props="{ &quot;id&quot;:&quot;category_menu&quot;, &quot;param&quot;:{&quot;categoryLabel&quot;:&quot;living&quot;} }">산모/임산부패드</a></li>   <li><a href="/np/categories/465084" data-log-props="{ &quot;id&quot;:&quot;category_menu&quot;, &quot;param&quot;:{&quot;categoryLabel&quot;:&quot;living&quot;} }">위생/생리팬티</a></li>   <li><a href="/np/categories/465082" data-log-props="{ &quot;id&quot;:&quot;category_menu&quot;, &quot;param&quot;:{&quot;categoryLabel&quot;:&quot;living&quot;} }">성인용기저귀/패드</a></li>   <li><a href="/np/categories/465085" data-log-props="{ &quot;id&quot;:&quot;category_menu&quot;, &quot;param&quot;:{&quot;categoryLabel&quot;:&quot;living&quot;} }">여성청결제</a></li> </ul></div></li>     <li class="second-depth-list"><a href="/np/categories/502258" data-log-props="{ &quot;id&quot;:&quot;category_menu&quot;, &quot;param&quot;:{&quot;categoryLabel&quot;:&quot;living&quot;} }">기저귀 <i class="depth-select-icon"></i></a><div class="third-depth-list"><ul>  <li><a href="/np/categories/502259" data-log-props="{ &quot;id&quot;:&quot;category_menu&quot;, &quot;param&quot;:{&quot;categoryLabel&quot;:&quot;living&quot;} }">일회용기저귀</a></li>   <li><a href="/np/categories/502263" data-log-props="{ &quot;id&quot;:&quot;category_menu&quot;, &quot;param&quot;:{&quot;categoryLabel&quot;:&quot;living&quot;} }">수영장기저귀</a></li>   <li><a href="/np/categories/502264" data-log-props="{ &quot;id&quot;:&quot;category_menu&quot;, &quot;param&quot;:{&quot;categoryLabel&quot;:&quot;living&quot;} }">천기저귀/액세서리</a></li>   <li><a href="/np/categories/502268" data-log-props="{ &quot;id&quot;:&quot;category_menu&quot;, &quot;param&quot;:{&quot;categoryLabel&quot;:&quot;living&quot;} }">배변훈련팬티</a></li>   <li><a href="/np/categories/502269" data-log-props="{ &quot;id&quot;:&quot;category_menu&quot;, &quot;param&quot;:{&quot;categoryLabel&quot;:&quot;living&quot;} }">기저귀케익</a></li>   <li><a href="/np/categories/502270" data-log-props="{ &quot;id&quot;:&quot;category_menu&quot;, &quot;param&quot;:{&quot;categoryLabel&quot;:&quot;living&quot;} }">기저귀크림/파우더</a></li>   <li><a href="/np/categories/502274" data-log-props="{ &quot;id&quot;:&quot;category_menu&quot;, &quot;param&quot;:{&quot;categoryLabel&quot;:&quot;living&quot;} }">기저귀정리함</a></li>   <li><a href="/np/categories/502275" data-log-props="{ &quot;id&quot;:&quot;category_menu&quot;, &quot;param&quot;:{&quot;categoryLabel&quot;:&quot;living&quot;} }">기저귀매트</a></li>   <li><a href="/np/categories/502279" data-log-props="{ &quot;id&quot;:&quot;category_menu&quot;, &quot;param&quot;:{&quot;categoryLabel&quot;:&quot;living&quot;} }">기저귀통/봉투</a></li>   <li><a href="/np/categories/502282" data-log-props="{ &quot;id&quot;:&quot;category_menu&quot;, &quot;param&quot;:{&quot;categoryLabel&quot;:&quot;living&quot;} }">기저귀가방</a></li> </ul></div></li>     <li class="second-depth-list"><a href="/np/categories/399742" data-log-props="{ &quot;id&quot;:&quot;category_menu&quot;, &quot;param&quot;:{&quot;categoryLabel&quot;:&quot;living&quot;} }">세탁세제 <i class="depth-select-icon"></i></a><div class="third-depth-list"><ul>  <li><a href="/np/categories/399743" data-log-props="{ &quot;id&quot;:&quot;category_menu&quot;, &quot;param&quot;:{&quot;categoryLabel&quot;:&quot;living&quot;} }">액체세제</a></li>   <li><a href="/np/categories/399744" data-log-props="{ &quot;id&quot;:&quot;category_menu&quot;, &quot;param&quot;:{&quot;categoryLabel&quot;:&quot;living&quot;} }">분말세제</a></li>   <li><a href="/np/categories/399745" data-log-props="{ &quot;id&quot;:&quot;category_menu&quot;, &quot;param&quot;:{&quot;categoryLabel&quot;:&quot;living&quot;} }">캡슐세제</a></li>   <li><a href="/np/categories/498014" data-log-props="{ &quot;id&quot;:&quot;category_menu&quot;, &quot;param&quot;:{&quot;categoryLabel&quot;:&quot;living&quot;} }">시트세제</a></li>   <li><a href="/np/categories/498015" data-log-props="{ &quot;id&quot;:&quot;category_menu&quot;, &quot;param&quot;:{&quot;categoryLabel&quot;:&quot;living&quot;} }">섬유유연제</a></li>   <li><a href="/np/categories/498016" data-log-props="{ &quot;id&quot;:&quot;category_menu&quot;, &quot;param&quot;:{&quot;categoryLabel&quot;:&quot;living&quot;} }">울세제/홈드라이세제</a></li>   <li><a href="/np/categories/564321" data-log-props="{ &quot;id&quot;:&quot;category_menu&quot;, &quot;param&quot;:{&quot;categoryLabel&quot;:&quot;living&quot;} }">섬유항균제</a></li>   <li><a href="/np/categories/399747" data-log-props="{ &quot;id&quot;:&quot;category_menu&quot;, &quot;param&quot;:{&quot;categoryLabel&quot;:&quot;living&quot;} }">향기지속제</a></li>   <li><a href="/np/categories/399748" data-log-props="{ &quot;id&quot;:&quot;category_menu&quot;, &quot;param&quot;:{&quot;categoryLabel&quot;:&quot;living&quot;} }">표백제</a></li>   <li><a href="/np/categories/399750" data-log-props="{ &quot;id&quot;:&quot;category_menu&quot;, &quot;param&quot;:{&quot;categoryLabel&quot;:&quot;living&quot;} }">세탁비누</a></li>   <li><a href="/np/categories/399751" data-log-props="{ &quot;id&quot;:&quot;category_menu&quot;, &quot;param&quot;:{&quot;categoryLabel&quot;:&quot;living&quot;} }">얼룩/찌든때 제거제</a></li>   <li><a href="/np/categories/399752" data-log-props="{ &quot;id&quot;:&quot;category_menu&quot;, &quot;param&quot;:{&quot;categoryLabel&quot;:&quot;living&quot;} }">운동화/가죽크리너</a></li>   <li><a href="/np/categories/399753" data-log-props="{ &quot;id&quot;:&quot;category_menu&quot;, &quot;param&quot;:{&quot;categoryLabel&quot;:&quot;living&quot;} }">유아세제/섬유유연제</a></li>  <li class="more-category"><a href="/np/categories/399742">더보기</a></li>  </ul></div></li>     <li class="second-depth-list"><a href="/np/categories/399758" data-log-props="{ &quot;id&quot;:&quot;category_menu&quot;, &quot;param&quot;:{&quot;categoryLabel&quot;:&quot;living&quot;} }">청소/주방세제 <i class="depth-select-icon"></i></a><div class="third-depth-list"><ul>  <li><a href="/np/categories/498021" data-log-props="{ &quot;id&quot;:&quot;category_menu&quot;, &quot;param&quot;:{&quot;categoryLabel&quot;:&quot;living&quot;} }">친환경/천연세제</a></li>   <li><a href="/np/categories/399760" data-log-props="{ &quot;id&quot;:&quot;category_menu&quot;, &quot;param&quot;:{&quot;categoryLabel&quot;:&quot;living&quot;} }">청소세제</a></li>   <li><a href="/np/categories/399773" data-log-props="{ &quot;id&quot;:&quot;category_menu&quot;, &quot;param&quot;:{&quot;categoryLabel&quot;:&quot;living&quot;} }">주방세제</a></li>   <li><a href="/np/categories/399783" data-log-props="{ &quot;id&quot;:&quot;category_menu&quot;, &quot;param&quot;:{&quot;categoryLabel&quot;:&quot;living&quot;} }">세제선물세트</a></li> </ul></div></li>     <li class="second-depth-list"><a href="/np/categories/114472" data-log-props="{ &quot;id&quot;:&quot;category_menu&quot;, &quot;param&quot;:{&quot;categoryLabel&quot;:&quot;living&quot;} }">탈취/방향/살충 <i class="depth-select-icon"></i></a><div class="third-depth-list"><ul>  <li><a href="/np/categories/114596" data-log-props="{ &quot;id&quot;:&quot;category_menu&quot;, &quot;param&quot;:{&quot;categoryLabel&quot;:&quot;living&quot;} }">탈취제</a></li>   <li><a href="/np/categories/154294" data-log-props="{ &quot;id&quot;:&quot;category_menu&quot;, &quot;param&quot;:{&quot;categoryLabel&quot;:&quot;living&quot;} }">제습제</a></li>   <li><a href="/np/categories/114597" data-log-props="{ &quot;id&quot;:&quot;category_menu&quot;, &quot;param&quot;:{&quot;categoryLabel&quot;:&quot;living&quot;} }">방향제</a></li>   <li><a href="/np/categories/154289" data-log-props="{ &quot;id&quot;:&quot;category_menu&quot;, &quot;param&quot;:{&quot;categoryLabel&quot;:&quot;living&quot;} }">캔들/디퓨저</a></li>   <li><a href="/np/categories/363658" data-log-props="{ &quot;id&quot;:&quot;category_menu&quot;, &quot;param&quot;:{&quot;categoryLabel&quot;:&quot;living&quot;} }">살충제/벌레약</a></li>   <li><a href="/np/categories/363664" data-log-props="{ &quot;id&quot;:&quot;category_menu&quot;, &quot;param&quot;:{&quot;categoryLabel&quot;:&quot;living&quot;} }">야외활동케어</a></li>   <li><a href="/np/categories/363669" data-log-props="{ &quot;id&quot;:&quot;category_menu&quot;, &quot;param&quot;:{&quot;categoryLabel&quot;:&quot;living&quot;} }">방충용품</a></li>   <li><a href="/np/categories/363677" data-log-props="{ &quot;id&quot;:&quot;category_menu&quot;, &quot;param&quot;:{&quot;categoryLabel&quot;:&quot;living&quot;} }">곰팡이/진드기</a></li> </ul></div></li>     <li class="second-depth-list"><a href="/np/categories/114473" data-log-props="{ &quot;id&quot;:&quot;category_menu&quot;, &quot;param&quot;:{&quot;categoryLabel&quot;:&quot;living&quot;} }">건강/의료용품 <i class="depth-select-icon"></i></a><div class="third-depth-list"><ul>  <li><a href="/np/categories/114642" data-log-props="{ &quot;id&quot;:&quot;category_menu&quot;, &quot;param&quot;:{&quot;categoryLabel&quot;:&quot;living&quot;} }">마스크</a></li>   <li><a href="/np/categories/114650" data-log-props="{ &quot;id&quot;:&quot;category_menu&quot;, &quot;param&quot;:{&quot;categoryLabel&quot;:&quot;living&quot;} }">의약외품/상비용품</a></li>   <li><a href="/np/categories/114641" data-log-props="{ &quot;id&quot;:&quot;category_menu&quot;, &quot;param&quot;:{&quot;categoryLabel&quot;:&quot;living&quot;} }">눈/렌즈용품</a></li>   <li><a href="/np/categories/114646" data-log-props="{ &quot;id&quot;:&quot;category_menu&quot;, &quot;param&quot;:{&quot;categoryLabel&quot;:&quot;living&quot;} }">코/수면용품</a></li>   <li><a href="/np/categories/114643" data-log-props="{ &quot;id&quot;:&quot;category_menu&quot;, &quot;param&quot;:{&quot;categoryLabel&quot;:&quot;living&quot;} }">자세교정/보호대</a></li>   <li><a href="/np/categories/373491" data-log-props="{ &quot;id&quot;:&quot;category_menu&quot;, &quot;param&quot;:{&quot;categoryLabel&quot;:&quot;living&quot;} }">마사지용품</a></li>   <li><a href="/np/categories/114645" data-log-props="{ &quot;id&quot;:&quot;category_menu&quot;, &quot;param&quot;:{&quot;categoryLabel&quot;:&quot;living&quot;} }">한방/찜질용품</a></li>   <li><a href="/np/categories/114644" data-log-props="{ &quot;id&quot;:&quot;category_menu&quot;, &quot;param&quot;:{&quot;categoryLabel&quot;:&quot;living&quot;} }">건강측정용품</a></li>   <li><a href="/np/categories/114651" data-log-props="{ &quot;id&quot;:&quot;category_menu&quot;, &quot;param&quot;:{&quot;categoryLabel&quot;:&quot;living&quot;} }">전문의료용품</a></li>   <li><a href="/np/categories/114648" data-log-props="{ &quot;id&quot;:&quot;category_menu&quot;, &quot;param&quot;:{&quot;categoryLabel&quot;:&quot;living&quot;} }">건강액세서리</a></li>   <li><a href="/np/categories/114647" data-log-props="{ &quot;id&quot;:&quot;category_menu&quot;, &quot;param&quot;:{&quot;categoryLabel&quot;:&quot;living&quot;} }">활동보조용품</a></li> </ul></div></li>     <li class="second-depth-list"><a href="/np/categories/174692" data-log-props="{ &quot;id&quot;:&quot;category_menu&quot;, &quot;param&quot;:{&quot;categoryLabel&quot;:&quot;living&quot;} }">성인용품(19) <i class="depth-select-icon"></i></a><div class="third-depth-list"><ul>  <li><a href="/np/categories/219159" data-log-props="{ &quot;id&quot;:&quot;category_menu&quot;, &quot;param&quot;:{&quot;categoryLabel&quot;:&quot;living&quot;} }">콘돔</a></li>   <li><a href="/np/categories/510373" data-log-props="{ &quot;id&quot;:&quot;category_menu&quot;, &quot;param&quot;:{&quot;categoryLabel&quot;:&quot;living&quot;} }">러브젤</a></li>   <li><a href="/np/categories/403213" data-log-props="{ &quot;id&quot;:&quot;category_menu&quot;, &quot;param&quot;:{&quot;categoryLabel&quot;:&quot;living&quot;} }">마사지젤/오일</a></li>   <li><a href="/np/categories/219162" data-log-props="{ &quot;id&quot;:&quot;category_menu&quot;, &quot;param&quot;:{&quot;categoryLabel&quot;:&quot;living&quot;} }">성인 완구/게임(19)</a></li>   <li><a href="/np/categories/305527" data-log-props="{ &quot;id&quot;:&quot;category_menu&quot;, &quot;param&quot;:{&quot;categoryLabel&quot;:&quot;living&quot;} }">성인용품세트(19)</a></li>   <li><a href="/np/categories/174704" data-log-props="{ &quot;id&quot;:&quot;category_menu&quot;, &quot;param&quot;:{&quot;categoryLabel&quot;:&quot;living&quot;} }">성인 란제리(19)</a></li>   <li><a href="/np/categories/247512" data-log-props="{ &quot;id&quot;:&quot;category_menu&quot;, &quot;param&quot;:{&quot;categoryLabel&quot;:&quot;living&quot;} }">성인 코스튬(19)</a></li>   <li><a href="/np/categories/219171" data-log-props="{ &quot;id&quot;:&quot;category_menu&quot;, &quot;param&quot;:{&quot;categoryLabel&quot;:&quot;living&quot;} }">성인 가구(19)</a></li>   <li><a href="/np/categories/219172" data-log-props="{ &quot;id&quot;:&quot;category_menu&quot;, &quot;param&quot;:{&quot;categoryLabel&quot;:&quot;living&quot;} }">구속/처벌 용품(19)</a></li>   <li><a href="/np/categories/174714" data-log-props="{ &quot;id&quot;:&quot;category_menu&quot;, &quot;param&quot;:{&quot;categoryLabel&quot;:&quot;living&quot;} }">성인 도서/DVD(19)</a></li>   <li><a href="/np/categories/379778" data-log-props="{ &quot;id&quot;:&quot;category_menu&quot;, &quot;param&quot;:{&quot;categoryLabel&quot;:&quot;living&quot;} }">금연/흡연용품(19)</a></li> </ul></div></li>     <li class="second-depth-list"><a href="/np/categories/225844" data-log-props="{ &quot;id&quot;:&quot;category_menu&quot;, &quot;param&quot;:{&quot;categoryLabel&quot;:&quot;living&quot;} }">세탁/청소용품 <i class="depth-select-icon"></i></a><div class="third-depth-list"><ul>  <li><a href="/np/categories/225845" data-log-props="{ &quot;id&quot;:&quot;category_menu&quot;, &quot;param&quot;:{&quot;categoryLabel&quot;:&quot;living&quot;} }">청소용품</a></li>   <li><a href="/np/categories/225852" data-log-props="{ &quot;id&quot;:&quot;category_menu&quot;, &quot;param&quot;:{&quot;categoryLabel&quot;:&quot;living&quot;} }">밀대/청소포</a></li>   <li><a href="/np/categories/225865" data-log-props="{ &quot;id&quot;:&quot;category_menu&quot;, &quot;param&quot;:{&quot;categoryLabel&quot;:&quot;living&quot;} }">빨래건조대</a></li>   <li><a href="/np/categories/225861" data-log-props="{ &quot;id&quot;:&quot;category_menu&quot;, &quot;param&quot;:{&quot;categoryLabel&quot;:&quot;living&quot;} }">빨래용품</a></li>   <li><a href="/np/categories/225871" data-log-props="{ &quot;id&quot;:&quot;category_menu&quot;, &quot;param&quot;:{&quot;categoryLabel&quot;:&quot;living&quot;} }">휴지통</a></li>   <li><a href="/np/categories/225866" data-log-props="{ &quot;id&quot;:&quot;category_menu&quot;, &quot;param&quot;:{&quot;categoryLabel&quot;:&quot;living&quot;} }">분리수거함</a></li>   <li><a href="/np/categories/225872" data-log-props="{ &quot;id&quot;:&quot;category_menu&quot;, &quot;param&quot;:{&quot;categoryLabel&quot;:&quot;living&quot;} }">먼지제거/클리너</a></li>   <li><a href="/np/categories/225878" data-log-props="{ &quot;id&quot;:&quot;category_menu&quot;, &quot;param&quot;:{&quot;categoryLabel&quot;:&quot;living&quot;} }">세탁/다림용품</a></li> </ul></div></li>     <li class="second-depth-list"><a href="/np/categories/419509" data-log-props="{ &quot;id&quot;:&quot;category_menu&quot;, &quot;param&quot;:{&quot;categoryLabel&quot;:&quot;living&quot;} }">욕실용품 <i class="depth-select-icon"></i></a><div class="third-depth-list"><ul>  <li><a href="/np/categories/419510" data-log-props="{ &quot;id&quot;:&quot;category_menu&quot;, &quot;param&quot;:{&quot;categoryLabel&quot;:&quot;living&quot;} }">샤워기/헤드</a></li>   <li><a href="/np/categories/419523" data-log-props="{ &quot;id&quot;:&quot;category_menu&quot;, &quot;param&quot;:{&quot;categoryLabel&quot;:&quot;living&quot;} }">목욕/샤워용품</a></li>   <li><a href="/np/categories/419534" data-log-props="{ &quot;id&quot;:&quot;category_menu&quot;, &quot;param&quot;:{&quot;categoryLabel&quot;:&quot;living&quot;} }">수건/타월</a></li>   <li><a href="/np/categories/419547" data-log-props="{ &quot;id&quot;:&quot;category_menu&quot;, &quot;param&quot;:{&quot;categoryLabel&quot;:&quot;living&quot;} }">욕실수납/정리</a></li>   <li><a href="/np/categories/419557" data-log-props="{ &quot;id&quot;:&quot;category_menu&quot;, &quot;param&quot;:{&quot;categoryLabel&quot;:&quot;living&quot;} }">욕실화</a></li>   <li><a href="/np/categories/419542" data-log-props="{ &quot;id&quot;:&quot;category_menu&quot;, &quot;param&quot;:{&quot;categoryLabel&quot;:&quot;living&quot;} }">욕실매트/발판</a></li>   <li><a href="/np/categories/419517" data-log-props="{ &quot;id&quot;:&quot;category_menu&quot;, &quot;param&quot;:{&quot;categoryLabel&quot;:&quot;living&quot;} }">욕조</a></li>   <li><a href="/np/categories/419559" data-log-props="{ &quot;id&quot;:&quot;category_menu&quot;, &quot;param&quot;:{&quot;categoryLabel&quot;:&quot;living&quot;} }">세면대/세면기</a></li>   <li><a href="/np/categories/419562" data-log-props="{ &quot;id&quot;:&quot;category_menu&quot;, &quot;param&quot;:{&quot;categoryLabel&quot;:&quot;living&quot;} }">변기/비데용품</a></li>   <li><a href="/np/categories/419558" data-log-props="{ &quot;id&quot;:&quot;category_menu&quot;, &quot;param&quot;:{&quot;categoryLabel&quot;:&quot;living&quot;} }">욕실거울</a></li>   <li><a href="/np/categories/419569" data-log-props="{ &quot;id&quot;:&quot;category_menu&quot;, &quot;param&quot;:{&quot;categoryLabel&quot;:&quot;living&quot;} }">욕실용품/잡화</a></li>   <li><a href="/np/campaigns/1982" data-log-props="{ &quot;id&quot;:&quot;category_menu&quot;, &quot;param&quot;:{&quot;categoryLabel&quot;:&quot;living&quot;} }">유아욕실용품</a></li>   <li><a href="/np/categories/419578" data-log-props="{ &quot;id&quot;:&quot;category_menu&quot;, &quot;param&quot;:{&quot;categoryLabel&quot;:&quot;living&quot;} }">수전용품</a></li>  <li class="more-category"><a href="/np/categories/419509">더보기</a></li>     </ul></div></li>     <li class="second-depth-list"><a href="/np/categories/399909" data-log-props="{ &quot;id&quot;:&quot;category_menu&quot;, &quot;param&quot;:{&quot;categoryLabel&quot;:&quot;living&quot;} }">생활전기용품 <i class="depth-select-icon"></i></a><div class="third-depth-list"><ul>  <li><a href="/np/categories/399910" data-log-props="{ &quot;id&quot;:&quot;category_menu&quot;, &quot;param&quot;:{&quot;categoryLabel&quot;:&quot;living&quot;} }">멀티탭/연장선</a></li>   <li><a href="/np/categories/399915" data-log-props="{ &quot;id&quot;:&quot;category_menu&quot;, &quot;param&quot;:{&quot;categoryLabel&quot;:&quot;living&quot;} }">전구/램프</a></li>   <li><a href="/np/categories/399922" data-log-props="{ &quot;id&quot;:&quot;category_menu&quot;, &quot;param&quot;:{&quot;categoryLabel&quot;:&quot;living&quot;} }">조명기구/부속</a></li>   <li><a href="/np/categories/399932" data-log-props="{ &quot;id&quot;:&quot;category_menu&quot;, &quot;param&quot;:{&quot;categoryLabel&quot;:&quot;living&quot;} }">전선정리용품</a></li>   <li><a href="/np/categories/399937" data-log-props="{ &quot;id&quot;:&quot;category_menu&quot;, &quot;param&quot;:{&quot;categoryLabel&quot;:&quot;living&quot;} }">전기설비/자재</a></li>   <li><a href="/np/categories/399946" data-log-props="{ &quot;id&quot;:&quot;category_menu&quot;, &quot;param&quot;:{&quot;categoryLabel&quot;:&quot;living&quot;} }">건전지/배터리</a></li> </ul></div></li>     <li class="second-depth-list"><a href="/np/categories/114727" data-log-props="{ &quot;id&quot;:&quot;category_menu&quot;, &quot;param&quot;:{&quot;categoryLabel&quot;:&quot;living&quot;} }">수납/정리 <i class="depth-select-icon"></i></a><div class="third-depth-list"><ul>  <li><a href="/np/categories/115136" data-log-props="{ &quot;id&quot;:&quot;category_menu&quot;, &quot;param&quot;:{&quot;categoryLabel&quot;:&quot;living&quot;} }">선반/진열대</a></li>   <li><a href="/np/categories/115133" data-log-props="{ &quot;id&quot;:&quot;category_menu&quot;, &quot;param&quot;:{&quot;categoryLabel&quot;:&quot;living&quot;} }">리빙박스</a></li>   <li><a href="/np/categories/403207" data-log-props="{ &quot;id&quot;:&quot;category_menu&quot;, &quot;param&quot;:{&quot;categoryLabel&quot;:&quot;living&quot;} }">이사박스/종이박스</a></li>   <li><a href="/np/categories/115135" data-log-props="{ &quot;id&quot;:&quot;category_menu&quot;, &quot;param&quot;:{&quot;categoryLabel&quot;:&quot;living&quot;} }">수납장/서랍장</a></li>   <li><a href="/np/categories/115134" data-log-props="{ &quot;id&quot;:&quot;category_menu&quot;, &quot;param&quot;:{&quot;categoryLabel&quot;:&quot;living&quot;} }">바구니/칸막이</a></li>   <li><a href="/np/categories/115131" data-log-props="{ &quot;id&quot;:&quot;category_menu&quot;, &quot;param&quot;:{&quot;categoryLabel&quot;:&quot;living&quot;} }">행거</a></li>   <li><a href="/np/categories/115132" data-log-props="{ &quot;id&quot;:&quot;category_menu&quot;, &quot;param&quot;:{&quot;categoryLabel&quot;:&quot;living&quot;} }">옷걸이</a></li>   <li><a href="/np/categories/115172" data-log-props="{ &quot;id&quot;:&quot;category_menu&quot;, &quot;param&quot;:{&quot;categoryLabel&quot;:&quot;living&quot;} }">압축팩/커버</a></li>   <li><a href="/np/categories/156717" data-log-props="{ &quot;id&quot;:&quot;category_menu&quot;, &quot;param&quot;:{&quot;categoryLabel&quot;:&quot;living&quot;} }">슈즈렉/우산꽂이</a></li>   <li><a href="/np/categories/224851" data-log-props="{ &quot;id&quot;:&quot;category_menu&quot;, &quot;param&quot;:{&quot;categoryLabel&quot;:&quot;living&quot;} }">수납케이스</a></li>   <li><a href="/np/categories/225886" data-log-props="{ &quot;id&quot;:&quot;category_menu&quot;, &quot;param&quot;:{&quot;categoryLabel&quot;:&quot;living&quot;} }">욕실정리용품</a></li>   <li><a href="/np/categories/225895" data-log-props="{ &quot;id&quot;:&quot;category_menu&quot;, &quot;param&quot;:{&quot;categoryLabel&quot;:&quot;living&quot;} }">휴지통/분리수거함</a></li> </ul></div></li>     <li class="second-depth-list"><a href="/np/categories/105903" data-log-props="{ &quot;id&quot;:&quot;category_menu&quot;, &quot;param&quot;:{&quot;categoryLabel&quot;:&quot;living&quot;} }">주방수납/잡화 <i class="depth-select-icon"></i></a><div class="third-depth-list"><ul>  <li><a href="/np/categories/105905" data-log-props="{ &quot;id&quot;:&quot;category_menu&quot;, &quot;param&quot;:{&quot;categoryLabel&quot;:&quot;living&quot;} }">주방수납</a></li>   <li><a href="/np/categories/105916" data-log-props="{ &quot;id&quot;:&quot;category_menu&quot;, &quot;param&quot;:{&quot;categoryLabel&quot;:&quot;living&quot;} }">주방세척도구</a></li>   <li><a href="/np/categories/105931" data-log-props="{ &quot;id&quot;:&quot;category_menu&quot;, &quot;param&quot;:{&quot;categoryLabel&quot;:&quot;living&quot;} }">주방잡화</a></li>   <li><a href="/np/categories/105975" data-log-props="{ &quot;id&quot;:&quot;category_menu&quot;, &quot;param&quot;:{&quot;categoryLabel&quot;:&quot;living&quot;} }">주방일회용품</a></li> </ul></div></li>    <li class="second-depth-list more-category"><a href="/np/categories/115673">더보기</a></li>                  </ul>
<span class="gnb-banner" style="background: #FFF">
<a class="category-banner-button" href="https://pages.coupang.com/p/145648" title="생활용품" data-log-props="{ &quot;id&quot;:&quot;category_menu_banner&quot;, &quot;param&quot;:{&quot;categoryLabel&quot;:&quot;living&quot;} }">생활용품</a>
		<img alt="생활용품" data-banner-src="//image10.coupangcdn.com/image/displayitem/displayitem_a4d26d58-4e2e-4cb0-8863-f0f541ce09dd.jpg" class="category-banner-image">
</span>

</div></div></li>







        <li class="home_decoration"><a href="/np/categories/184555" class="first-depth" data-log-props="{ &quot;id&quot;:&quot;category_menu&quot;, &quot;param&quot;:{&quot;categoryLabel&quot;:&quot;home_decoration&quot;} }">홈인테리어<i class="select-icon"></i></a><div class="depth"><div class="depth-list banner third"><ul>   <li class="second-depth-list"><a href="/np/campaigns/21954" data-log-props="{ &quot;id&quot;:&quot;category_menu&quot;, &quot;param&quot;:{&quot;categoryLabel&quot;:&quot;home_decoration&quot;} }">디퓨저관 </a><div class="third-depth-list"><ul></ul></div></li>     <li class="second-depth-list"><a href="/np/categories/184557" data-log-props="{ &quot;id&quot;:&quot;category_menu&quot;, &quot;param&quot;:{&quot;categoryLabel&quot;:&quot;home_decoration&quot;} }">가구 <i class="depth-select-icon"></i></a><div class="third-depth-list"><ul>  <li><a href="/np/categories/184559" data-log-props="{ &quot;id&quot;:&quot;category_menu&quot;, &quot;param&quot;:{&quot;categoryLabel&quot;:&quot;home_decoration&quot;} }">침실가구</a></li>   <li><a href="/np/categories/434922" data-log-props="{ &quot;id&quot;:&quot;category_menu&quot;, &quot;param&quot;:{&quot;categoryLabel&quot;:&quot;home_decoration&quot;} }">드레스룸</a></li>   <li><a href="/np/categories/184621" data-log-props="{ &quot;id&quot;:&quot;category_menu&quot;, &quot;param&quot;:{&quot;categoryLabel&quot;:&quot;home_decoration&quot;} }">거실가구</a></li>   <li><a href="/np/categories/184674" data-log-props="{ &quot;id&quot;:&quot;category_menu&quot;, &quot;param&quot;:{&quot;categoryLabel&quot;:&quot;home_decoration&quot;} }">주방가구</a></li>   <li><a href="/np/categories/184699" data-log-props="{ &quot;id&quot;:&quot;category_menu&quot;, &quot;param&quot;:{&quot;categoryLabel&quot;:&quot;home_decoration&quot;} }">학생/사무용가구</a></li>   <li><a href="/np/categories/184749" data-log-props="{ &quot;id&quot;:&quot;category_menu&quot;, &quot;param&quot;:{&quot;categoryLabel&quot;:&quot;home_decoration&quot;} }">유아동가구</a></li>   <li><a href="/np/categories/184780" data-log-props="{ &quot;id&quot;:&quot;category_menu&quot;, &quot;param&quot;:{&quot;categoryLabel&quot;:&quot;home_decoration&quot;} }">야외가구</a></li>   <li><a href="/np/categories/434961" data-log-props="{ &quot;id&quot;:&quot;category_menu&quot;, &quot;param&quot;:{&quot;categoryLabel&quot;:&quot;home_decoration&quot;} }">수납가구</a></li> </ul></div></li>     <li class="second-depth-list"><a href="/np/categories/184791" data-log-props="{ &quot;id&quot;:&quot;category_menu&quot;, &quot;param&quot;:{&quot;categoryLabel&quot;:&quot;home_decoration&quot;} }">수납/정리 <i class="depth-select-icon"></i></a><div class="third-depth-list"><ul>  <li><a href="/np/categories/184793" data-log-props="{ &quot;id&quot;:&quot;category_menu&quot;, &quot;param&quot;:{&quot;categoryLabel&quot;:&quot;home_decoration&quot;} }">행거</a></li>   <li><a href="/np/categories/184799" data-log-props="{ &quot;id&quot;:&quot;category_menu&quot;, &quot;param&quot;:{&quot;categoryLabel&quot;:&quot;home_decoration&quot;} }">옷걸이/도어훅</a></li>   <li><a href="/np/categories/184805" data-log-props="{ &quot;id&quot;:&quot;category_menu&quot;, &quot;param&quot;:{&quot;categoryLabel&quot;:&quot;home_decoration&quot;} }">리빙박스</a></li>   <li><a href="/np/categories/403222" data-log-props="{ &quot;id&quot;:&quot;category_menu&quot;, &quot;param&quot;:{&quot;categoryLabel&quot;:&quot;home_decoration&quot;} }">바구니/바스켓</a></li>   <li><a href="/np/categories/403223" data-log-props="{ &quot;id&quot;:&quot;category_menu&quot;, &quot;param&quot;:{&quot;categoryLabel&quot;:&quot;home_decoration&quot;} }">압축팩/커버</a></li>   <li><a href="/np/categories/184812" data-log-props="{ &quot;id&quot;:&quot;category_menu&quot;, &quot;param&quot;:{&quot;categoryLabel&quot;:&quot;home_decoration&quot;} }">틈새서랍/정리함</a></li>   <li><a href="/np/categories/184817" data-log-props="{ &quot;id&quot;:&quot;category_menu&quot;, &quot;param&quot;:{&quot;categoryLabel&quot;:&quot;home_decoration&quot;} }">선반/정리대</a></li>   <li><a href="/np/categories/184823" data-log-props="{ &quot;id&quot;:&quot;category_menu&quot;, &quot;param&quot;:{&quot;categoryLabel&quot;:&quot;home_decoration&quot;} }">기타정리용품</a></li>   <li><a href="/np/categories/379727" data-log-props="{ &quot;id&quot;:&quot;category_menu&quot;, &quot;param&quot;:{&quot;categoryLabel&quot;:&quot;home_decoration&quot;} }">휴지통</a></li> </ul></div></li>     <li class="second-depth-list"><a href="/np/categories/388647" data-log-props="{ &quot;id&quot;:&quot;category_menu&quot;, &quot;param&quot;:{&quot;categoryLabel&quot;:&quot;home_decoration&quot;} }">여름 침구샵 <i class="depth-select-icon"></i></a><div class="third-depth-list"><ul>  <li><a href="/np/categories/388648" data-log-props="{ &quot;id&quot;:&quot;category_menu&quot;, &quot;param&quot;:{&quot;categoryLabel&quot;:&quot;home_decoration&quot;} }">이불/침구세트</a></li>   <li><a href="/np/categories/388653" data-log-props="{ &quot;id&quot;:&quot;category_menu&quot;, &quot;param&quot;:{&quot;categoryLabel&quot;:&quot;home_decoration&quot;} }">쿨매트/패드</a></li>   <li><a href="/np/categories/388657" data-log-props="{ &quot;id&quot;:&quot;category_menu&quot;, &quot;param&quot;:{&quot;categoryLabel&quot;:&quot;home_decoration&quot;} }">침구커버류</a></li>   <li><a href="/np/categories/388664" data-log-props="{ &quot;id&quot;:&quot;category_menu&quot;, &quot;param&quot;:{&quot;categoryLabel&quot;:&quot;home_decoration&quot;} }">베개</a></li>   <li><a href="/np/categories/388698" data-log-props="{ &quot;id&quot;:&quot;category_menu&quot;, &quot;param&quot;:{&quot;categoryLabel&quot;:&quot;home_decoration&quot;} }">대자리/러그/거실화</a></li>   <li><a href="/np/categories/388707" data-log-props="{ &quot;id&quot;:&quot;category_menu&quot;, &quot;param&quot;:{&quot;categoryLabel&quot;:&quot;home_decoration&quot;} }">커튼</a></li>   <li><a href="/np/categories/388682" data-log-props="{ &quot;id&quot;:&quot;category_menu&quot;, &quot;param&quot;:{&quot;categoryLabel&quot;:&quot;home_decoration&quot;} }">방석/쿠션</a></li>   <li><a href="/np/categories/388688" data-log-props="{ &quot;id&quot;:&quot;category_menu&quot;, &quot;param&quot;:{&quot;categoryLabel&quot;:&quot;home_decoration&quot;} }">모기장/안전망</a></li>   <li><a href="/np/categories/388670" data-log-props="{ &quot;id&quot;:&quot;category_menu&quot;, &quot;param&quot;:{&quot;categoryLabel&quot;:&quot;home_decoration&quot;} }">유아동침구</a></li>   <li><a href="/np/categories/388702" data-log-props="{ &quot;id&quot;:&quot;category_menu&quot;, &quot;param&quot;:{&quot;categoryLabel&quot;:&quot;home_decoration&quot;} }">문발/블라인드</a></li> </ul></div></li>     <li class="second-depth-list"><a href="/np/categories/419692" data-log-props="{ &quot;id&quot;:&quot;category_menu&quot;, &quot;param&quot;:{&quot;categoryLabel&quot;:&quot;home_decoration&quot;} }">욕실용품 <i class="depth-select-icon"></i></a><div class="third-depth-list"><ul>  <li><a href="/np/categories/419693" data-log-props="{ &quot;id&quot;:&quot;category_menu&quot;, &quot;param&quot;:{&quot;categoryLabel&quot;:&quot;home_decoration&quot;} }">샤워기/헤드</a></li>   <li><a href="/np/categories/419700" data-log-props="{ &quot;id&quot;:&quot;category_menu&quot;, &quot;param&quot;:{&quot;categoryLabel&quot;:&quot;home_decoration&quot;} }">목욕/샤워용품</a></li>   <li><a href="/np/categories/419711" data-log-props="{ &quot;id&quot;:&quot;category_menu&quot;, &quot;param&quot;:{&quot;categoryLabel&quot;:&quot;home_decoration&quot;} }">수건/타월</a></li>   <li><a href="/np/categories/419719" data-log-props="{ &quot;id&quot;:&quot;category_menu&quot;, &quot;param&quot;:{&quot;categoryLabel&quot;:&quot;home_decoration&quot;} }">욕실수납/정리</a></li>   <li><a href="/np/categories/419729" data-log-props="{ &quot;id&quot;:&quot;category_menu&quot;, &quot;param&quot;:{&quot;categoryLabel&quot;:&quot;home_decoration&quot;} }">욕실화</a></li>   <li><a href="/np/categories/419730" data-log-props="{ &quot;id&quot;:&quot;category_menu&quot;, &quot;param&quot;:{&quot;categoryLabel&quot;:&quot;home_decoration&quot;} }">욕실매트/발판</a></li>   <li><a href="/np/categories/419735" data-log-props="{ &quot;id&quot;:&quot;category_menu&quot;, &quot;param&quot;:{&quot;categoryLabel&quot;:&quot;home_decoration&quot;} }">욕조</a></li>   <li><a href="/np/categories/419741" data-log-props="{ &quot;id&quot;:&quot;category_menu&quot;, &quot;param&quot;:{&quot;categoryLabel&quot;:&quot;home_decoration&quot;} }">세면대/세면기</a></li>   <li><a href="/np/categories/419744" data-log-props="{ &quot;id&quot;:&quot;category_menu&quot;, &quot;param&quot;:{&quot;categoryLabel&quot;:&quot;home_decoration&quot;} }">변기/비데용품</a></li>   <li><a href="/np/categories/419751" data-log-props="{ &quot;id&quot;:&quot;category_menu&quot;, &quot;param&quot;:{&quot;categoryLabel&quot;:&quot;home_decoration&quot;} }">욕실거울</a></li>   <li><a href="/np/categories/419752" data-log-props="{ &quot;id&quot;:&quot;category_menu&quot;, &quot;param&quot;:{&quot;categoryLabel&quot;:&quot;home_decoration&quot;} }">욕실용품/잡화</a></li>   <li><a href="/np/campaigns/1982" data-log-props="{ &quot;id&quot;:&quot;category_menu&quot;, &quot;param&quot;:{&quot;categoryLabel&quot;:&quot;home_decoration&quot;} }">유아욕실용품</a></li>   <li><a href="/np/categories/419761" data-log-props="{ &quot;id&quot;:&quot;category_menu&quot;, &quot;param&quot;:{&quot;categoryLabel&quot;:&quot;home_decoration&quot;} }">수전용품</a></li>  <li class="more-category"><a href="/np/categories/419692">더보기</a></li>     </ul></div></li>     <li class="second-depth-list"><a href="/np/categories/510332" data-log-props="{ &quot;id&quot;:&quot;category_menu&quot;, &quot;param&quot;:{&quot;categoryLabel&quot;:&quot;home_decoration&quot;} }">세탁/청소용품 <i class="depth-select-icon"></i></a><div class="third-depth-list"><ul>  <li><a href="/np/categories/510333" data-log-props="{ &quot;id&quot;:&quot;category_menu&quot;, &quot;param&quot;:{&quot;categoryLabel&quot;:&quot;home_decoration&quot;} }">청소용품</a></li>   <li><a href="/np/categories/510345" data-log-props="{ &quot;id&quot;:&quot;category_menu&quot;, &quot;param&quot;:{&quot;categoryLabel&quot;:&quot;home_decoration&quot;} }">밀대/청소포</a></li>   <li><a href="/np/categories/510349" data-log-props="{ &quot;id&quot;:&quot;category_menu&quot;, &quot;param&quot;:{&quot;categoryLabel&quot;:&quot;home_decoration&quot;} }">빨래건조대</a></li>   <li><a href="/np/categories/510350" data-log-props="{ &quot;id&quot;:&quot;category_menu&quot;, &quot;param&quot;:{&quot;categoryLabel&quot;:&quot;home_decoration&quot;} }">빨래용품</a></li>   <li><a href="/np/categories/510354" data-log-props="{ &quot;id&quot;:&quot;category_menu&quot;, &quot;param&quot;:{&quot;categoryLabel&quot;:&quot;home_decoration&quot;} }">휴지통</a></li>   <li><a href="/np/categories/510355" data-log-props="{ &quot;id&quot;:&quot;category_menu&quot;, &quot;param&quot;:{&quot;categoryLabel&quot;:&quot;home_decoration&quot;} }">분리수거함</a></li>   <li><a href="/np/categories/510358" data-log-props="{ &quot;id&quot;:&quot;category_menu&quot;, &quot;param&quot;:{&quot;categoryLabel&quot;:&quot;home_decoration&quot;} }">먼지제거/클리너</a></li>   <li><a href="/np/categories/510364" data-log-props="{ &quot;id&quot;:&quot;category_menu&quot;, &quot;param&quot;:{&quot;categoryLabel&quot;:&quot;home_decoration&quot;} }">세탁/다림용품</a></li> </ul></div></li>     <li class="second-depth-list"><a href="/np/categories/400472" data-log-props="{ &quot;id&quot;:&quot;category_menu&quot;, &quot;param&quot;:{&quot;categoryLabel&quot;:&quot;home_decoration&quot;} }">침구 <i class="depth-select-icon"></i></a><div class="third-depth-list"><ul>  <li><a href="/np/categories/400473" data-log-props="{ &quot;id&quot;:&quot;category_menu&quot;, &quot;param&quot;:{&quot;categoryLabel&quot;:&quot;home_decoration&quot;} }">이불</a></li>   <li><a href="/np/categories/400481" data-log-props="{ &quot;id&quot;:&quot;category_menu&quot;, &quot;param&quot;:{&quot;categoryLabel&quot;:&quot;home_decoration&quot;} }">요/패드</a></li>   <li><a href="/np/categories/400491" data-log-props="{ &quot;id&quot;:&quot;category_menu&quot;, &quot;param&quot;:{&quot;categoryLabel&quot;:&quot;home_decoration&quot;} }">매트</a></li>   <li><a href="/np/categories/400495" data-log-props="{ &quot;id&quot;:&quot;category_menu&quot;, &quot;param&quot;:{&quot;categoryLabel&quot;:&quot;home_decoration&quot;} }">이불솜/속</a></li>   <li><a href="/np/categories/400501" data-log-props="{ &quot;id&quot;:&quot;category_menu&quot;, &quot;param&quot;:{&quot;categoryLabel&quot;:&quot;home_decoration&quot;} }">침구커버</a></li>   <li><a href="/np/categories/400507" data-log-props="{ &quot;id&quot;:&quot;category_menu&quot;, &quot;param&quot;:{&quot;categoryLabel&quot;:&quot;home_decoration&quot;} }">침구세트</a></li>   <li><a href="/np/categories/400512" data-log-props="{ &quot;id&quot;:&quot;category_menu&quot;, &quot;param&quot;:{&quot;categoryLabel&quot;:&quot;home_decoration&quot;} }">유아동침구</a></li>   <li><a href="/np/categories/400534" data-log-props="{ &quot;id&quot;:&quot;category_menu&quot;, &quot;param&quot;:{&quot;categoryLabel&quot;:&quot;home_decoration&quot;} }">베개</a></li>   <li><a href="/np/categories/400543" data-log-props="{ &quot;id&quot;:&quot;category_menu&quot;, &quot;param&quot;:{&quot;categoryLabel&quot;:&quot;home_decoration&quot;} }">롱쿠션/바디필로우</a></li>   <li><a href="/np/categories/400546" data-log-props="{ &quot;id&quot;:&quot;category_menu&quot;, &quot;param&quot;:{&quot;categoryLabel&quot;:&quot;home_decoration&quot;} }">담요</a></li>   <li><a href="/np/categories/400547" data-log-props="{ &quot;id&quot;:&quot;category_menu&quot;, &quot;param&quot;:{&quot;categoryLabel&quot;:&quot;home_decoration&quot;} }">죽부인</a></li>   <li><a href="/np/categories/400548" data-log-props="{ &quot;id&quot;:&quot;category_menu&quot;, &quot;param&quot;:{&quot;categoryLabel&quot;:&quot;home_decoration&quot;} }">쿨매트</a></li>   <li><a href="/np/categories/400549" data-log-props="{ &quot;id&quot;:&quot;category_menu&quot;, &quot;param&quot;:{&quot;categoryLabel&quot;:&quot;home_decoration&quot;} }">전기/온수매트</a></li> </ul></div></li>     <li class="second-depth-list"><a href="/np/categories/185150" data-log-props="{ &quot;id&quot;:&quot;category_menu&quot;, &quot;param&quot;:{&quot;categoryLabel&quot;:&quot;home_decoration&quot;} }">카페트/쿠션/거실화 <i class="depth-select-icon"></i></a><div class="third-depth-list"><ul>  <li><a href="/np/categories/185152" data-log-props="{ &quot;id&quot;:&quot;category_menu&quot;, &quot;param&quot;:{&quot;categoryLabel&quot;:&quot;home_decoration&quot;} }">러그/카페트</a></li>   <li><a href="/np/categories/197131" data-log-props="{ &quot;id&quot;:&quot;category_menu&quot;, &quot;param&quot;:{&quot;categoryLabel&quot;:&quot;home_decoration&quot;} }">발매트/주방매트</a></li>   <li><a href="/np/categories/185158" data-log-props="{ &quot;id&quot;:&quot;category_menu&quot;, &quot;param&quot;:{&quot;categoryLabel&quot;:&quot;home_decoration&quot;} }">놀이/다용도매트</a></li>   <li><a href="/np/categories/197132" data-log-props="{ &quot;id&quot;:&quot;category_menu&quot;, &quot;param&quot;:{&quot;categoryLabel&quot;:&quot;home_decoration&quot;} }">원목/대자리</a></li>   <li><a href="/np/categories/400899" data-log-props="{ &quot;id&quot;:&quot;category_menu&quot;, &quot;param&quot;:{&quot;categoryLabel&quot;:&quot;home_decoration&quot;} }">쿠션/방석</a></li>   <li><a href="/np/categories/400928" data-log-props="{ &quot;id&quot;:&quot;category_menu&quot;, &quot;param&quot;:{&quot;categoryLabel&quot;:&quot;home_decoration&quot;} }">거실화</a></li>   <li><a href="/np/categories/400929" data-log-props="{ &quot;id&quot;:&quot;category_menu&quot;, &quot;param&quot;:{&quot;categoryLabel&quot;:&quot;home_decoration&quot;} }">소파패드/커버</a></li>   <li><a href="/np/categories/400932" data-log-props="{ &quot;id&quot;:&quot;category_menu&quot;, &quot;param&quot;:{&quot;categoryLabel&quot;:&quot;home_decoration&quot;} }">가전/가구커버</a></li>   <li><a href="/np/categories/400952" data-log-props="{ &quot;id&quot;:&quot;category_menu&quot;, &quot;param&quot;:{&quot;categoryLabel&quot;:&quot;home_decoration&quot;} }">홈패브릭</a></li> </ul></div></li>     <li class="second-depth-list"><a href="/np/categories/185101" data-log-props="{ &quot;id&quot;:&quot;category_menu&quot;, &quot;param&quot;:{&quot;categoryLabel&quot;:&quot;home_decoration&quot;} }">커튼/블라인드 <i class="depth-select-icon"></i></a><div class="third-depth-list"><ul>  <li><a href="/np/categories/185103" data-log-props="{ &quot;id&quot;:&quot;category_menu&quot;, &quot;param&quot;:{&quot;categoryLabel&quot;:&quot;home_decoration&quot;} }">커튼</a></li>   <li><a href="/np/categories/185110" data-log-props="{ &quot;id&quot;:&quot;category_menu&quot;, &quot;param&quot;:{&quot;categoryLabel&quot;:&quot;home_decoration&quot;} }">블라인드/쉐이드</a></li>   <li><a href="/np/categories/185119" data-log-props="{ &quot;id&quot;:&quot;category_menu&quot;, &quot;param&quot;:{&quot;categoryLabel&quot;:&quot;home_decoration&quot;} }">롤스크린</a></li>   <li><a href="/np/categories/185120" data-log-props="{ &quot;id&quot;:&quot;category_menu&quot;, &quot;param&quot;:{&quot;categoryLabel&quot;:&quot;home_decoration&quot;} }">버티컬</a></li>   <li><a href="/np/categories/185121" data-log-props="{ &quot;id&quot;:&quot;category_menu&quot;, &quot;param&quot;:{&quot;categoryLabel&quot;:&quot;home_decoration&quot;} }">문발</a></li>   <li><a href="/np/categories/185127" data-log-props="{ &quot;id&quot;:&quot;category_menu&quot;, &quot;param&quot;:{&quot;categoryLabel&quot;:&quot;home_decoration&quot;} }">커튼부자재</a></li>   <li><a href="/np/categories/185149" data-log-props="{ &quot;id&quot;:&quot;category_menu&quot;, &quot;param&quot;:{&quot;categoryLabel&quot;:&quot;home_decoration&quot;} }">난방텐트</a></li>   <li><a href="/np/categories/185142" data-log-props="{ &quot;id&quot;:&quot;category_menu&quot;, &quot;param&quot;:{&quot;categoryLabel&quot;:&quot;home_decoration&quot;} }">모기장/캐노피</a></li> </ul></div></li>     <li class="second-depth-list"><a href="/np/categories/400554" data-log-props="{ &quot;id&quot;:&quot;category_menu&quot;, &quot;param&quot;:{&quot;categoryLabel&quot;:&quot;home_decoration&quot;} }">수예/수선 <i class="depth-select-icon"></i></a><div class="third-depth-list"><ul>  <li><a href="/np/categories/400555" data-log-props="{ &quot;id&quot;:&quot;category_menu&quot;, &quot;param&quot;:{&quot;categoryLabel&quot;:&quot;home_decoration&quot;} }">원단</a></li>   <li><a href="/np/categories/400562" data-log-props="{ &quot;id&quot;:&quot;category_menu&quot;, &quot;param&quot;:{&quot;categoryLabel&quot;:&quot;home_decoration&quot;} }">실</a></li>   <li><a href="/np/categories/400572" data-log-props="{ &quot;id&quot;:&quot;category_menu&quot;, &quot;param&quot;:{&quot;categoryLabel&quot;:&quot;home_decoration&quot;} }">바늘</a></li>   <li><a href="/np/categories/400586" data-log-props="{ &quot;id&quot;:&quot;category_menu&quot;, &quot;param&quot;:{&quot;categoryLabel&quot;:&quot;home_decoration&quot;} }">반짇고리세트</a></li>   <li><a href="/np/categories/400587" data-log-props="{ &quot;id&quot;:&quot;category_menu&quot;, &quot;param&quot;:{&quot;categoryLabel&quot;:&quot;home_decoration&quot;} }">재봉틀 용품</a></li>   <li><a href="/np/categories/400596" data-log-props="{ &quot;id&quot;:&quot;category_menu&quot;, &quot;param&quot;:{&quot;categoryLabel&quot;:&quot;home_decoration&quot;} }">수선/재단도구</a></li>   <li><a href="/np/categories/400620" data-log-props="{ &quot;id&quot;:&quot;category_menu&quot;, &quot;param&quot;:{&quot;categoryLabel&quot;:&quot;home_decoration&quot;} }">단추/레이스</a></li>   <li><a href="/np/categories/400637" data-log-props="{ &quot;id&quot;:&quot;category_menu&quot;, &quot;param&quot;:{&quot;categoryLabel&quot;:&quot;home_decoration&quot;} }">장식/부자재</a></li>   <li><a href="/np/categories/400654" data-log-props="{ &quot;id&quot;:&quot;category_menu&quot;, &quot;param&quot;:{&quot;categoryLabel&quot;:&quot;home_decoration&quot;} }">솜/보충재</a></li>   <li><a href="/np/categories/400663" data-log-props="{ &quot;id&quot;:&quot;category_menu&quot;, &quot;param&quot;:{&quot;categoryLabel&quot;:&quot;home_decoration&quot;} }">뜨개질용품</a></li>   <li><a href="/np/categories/400677" data-log-props="{ &quot;id&quot;:&quot;category_menu&quot;, &quot;param&quot;:{&quot;categoryLabel&quot;:&quot;home_decoration&quot;} }">자수/십자수</a></li>   <li><a href="/np/categories/400703" data-log-props="{ &quot;id&quot;:&quot;category_menu&quot;, &quot;param&quot;:{&quot;categoryLabel&quot;:&quot;home_decoration&quot;} }">가죽공예</a></li>   <li><a href="/np/categories/400748" data-log-props="{ &quot;id&quot;:&quot;category_menu&quot;, &quot;param&quot;:{&quot;categoryLabel&quot;:&quot;home_decoration&quot;} }">퀼트</a></li>  <li class="more-category"><a href="/np/categories/400554">더보기</a></li>        </ul></div></li>     <li class="second-depth-list"><a href="/np/categories/417542" data-log-props="{ &quot;id&quot;:&quot;category_menu&quot;, &quot;param&quot;:{&quot;categoryLabel&quot;:&quot;home_decoration&quot;} }">홈데코 <i class="depth-select-icon"></i></a><div class="third-depth-list"><ul>  <li><a href="/np/categories/417543" data-log-props="{ &quot;id&quot;:&quot;category_menu&quot;, &quot;param&quot;:{&quot;categoryLabel&quot;:&quot;home_decoration&quot;} }">캔들/캔들홀더</a></li>   <li><a href="/np/categories/417572" data-log-props="{ &quot;id&quot;:&quot;category_menu&quot;, &quot;param&quot;:{&quot;categoryLabel&quot;:&quot;home_decoration&quot;} }">디퓨저/방향제</a></li>   <li><a href="/np/categories/417607" data-log-props="{ &quot;id&quot;:&quot;category_menu&quot;, &quot;param&quot;:{&quot;categoryLabel&quot;:&quot;home_decoration&quot;} }">화병/화분</a></li>   <li><a href="/np/categories/417615" data-log-props="{ &quot;id&quot;:&quot;category_menu&quot;, &quot;param&quot;:{&quot;categoryLabel&quot;:&quot;home_decoration&quot;} }">조화/드라이플라워</a></li>   <li><a href="/np/categories/417622" data-log-props="{ &quot;id&quot;:&quot;category_menu&quot;, &quot;param&quot;:{&quot;categoryLabel&quot;:&quot;home_decoration&quot;} }">홈데코 소품</a></li>   <li><a href="/np/categories/417644" data-log-props="{ &quot;id&quot;:&quot;category_menu&quot;, &quot;param&quot;:{&quot;categoryLabel&quot;:&quot;home_decoration&quot;} }">시계</a></li>   <li><a href="/np/categories/417650" data-log-props="{ &quot;id&quot;:&quot;category_menu&quot;, &quot;param&quot;:{&quot;categoryLabel&quot;:&quot;home_decoration&quot;} }">거울</a></li>   <li><a href="/np/categories/417656" data-log-props="{ &quot;id&quot;:&quot;category_menu&quot;, &quot;param&quot;:{&quot;categoryLabel&quot;:&quot;home_decoration&quot;} }">액자</a></li>   <li><a href="/np/categories/417657" data-log-props="{ &quot;id&quot;:&quot;category_menu&quot;, &quot;param&quot;:{&quot;categoryLabel&quot;:&quot;home_decoration&quot;} }">그림/사진</a></li>   <li><a href="/np/categories/417663" data-log-props="{ &quot;id&quot;:&quot;category_menu&quot;, &quot;param&quot;:{&quot;categoryLabel&quot;:&quot;home_decoration&quot;} }">시트지/스티커</a></li>   <li><a href="/np/campaigns/1648" data-log-props="{ &quot;id&quot;:&quot;category_menu&quot;, &quot;param&quot;:{&quot;categoryLabel&quot;:&quot;home_decoration&quot;} }">조명/스탠드</a></li>   <li><a href="/np/campaigns/1650" data-log-props="{ &quot;id&quot;:&quot;category_menu&quot;, &quot;param&quot;:{&quot;categoryLabel&quot;:&quot;home_decoration&quot;} }">러그/카페트</a></li>   <li><a href="/np/campaigns/1652" data-log-props="{ &quot;id&quot;:&quot;category_menu&quot;, &quot;param&quot;:{&quot;categoryLabel&quot;:&quot;home_decoration&quot;} }">쿠션/방석</a></li>  <li class="more-category"><a href="/np/categories/417542">더보기</a></li>     </ul></div></li>     <li class="second-depth-list"><a href="/np/categories/407567" data-log-props="{ &quot;id&quot;:&quot;category_menu&quot;, &quot;param&quot;:{&quot;categoryLabel&quot;:&quot;home_decoration&quot;} }">조명/스탠드 <i class="depth-select-icon"></i></a><div class="third-depth-list"><ul>  <li><a href="/np/categories/407569" data-log-props="{ &quot;id&quot;:&quot;category_menu&quot;, &quot;param&quot;:{&quot;categoryLabel&quot;:&quot;home_decoration&quot;} }">장스탠드</a></li>   <li><a href="/np/categories/407570" data-log-props="{ &quot;id&quot;:&quot;category_menu&quot;, &quot;param&quot;:{&quot;categoryLabel&quot;:&quot;home_decoration&quot;} }">단스탠드</a></li>   <li><a href="/np/categories/407571" data-log-props="{ &quot;id&quot;:&quot;category_menu&quot;, &quot;param&quot;:{&quot;categoryLabel&quot;:&quot;home_decoration&quot;} }">무드등</a></li>   <li><a href="/np/categories/407572" data-log-props="{ &quot;id&quot;:&quot;category_menu&quot;, &quot;param&quot;:{&quot;categoryLabel&quot;:&quot;home_decoration&quot;} }">줄조명</a></li>   <li><a href="/np/categories/407573" data-log-props="{ &quot;id&quot;:&quot;category_menu&quot;, &quot;param&quot;:{&quot;categoryLabel&quot;:&quot;home_decoration&quot;} }">학생스탠드</a></li>   <li><a href="/np/categories/407574" data-log-props="{ &quot;id&quot;:&quot;category_menu&quot;, &quot;param&quot;:{&quot;categoryLabel&quot;:&quot;home_decoration&quot;} }">북라이트</a></li>   <li><a href="/np/categories/407575" data-log-props="{ &quot;id&quot;:&quot;category_menu&quot;, &quot;param&quot;:{&quot;categoryLabel&quot;:&quot;home_decoration&quot;} }">LED캔들</a></li>   <li><a href="/np/categories/407576" data-log-props="{ &quot;id&quot;:&quot;category_menu&quot;, &quot;param&quot;:{&quot;categoryLabel&quot;:&quot;home_decoration&quot;} }">천장등/벽등</a></li>   <li><a href="/np/categories/407583" data-log-props="{ &quot;id&quot;:&quot;category_menu&quot;, &quot;param&quot;:{&quot;categoryLabel&quot;:&quot;home_decoration&quot;} }">전구/형광등</a></li>   <li><a href="/np/categories/445241" data-log-props="{ &quot;id&quot;:&quot;category_menu&quot;, &quot;param&quot;:{&quot;categoryLabel&quot;:&quot;home_decoration&quot;} }">네온사인</a></li>   <li><a href="/np/categories/445242" data-log-props="{ &quot;id&quot;:&quot;category_menu&quot;, &quot;param&quot;:{&quot;categoryLabel&quot;:&quot;home_decoration&quot;} }">퍽라이트</a></li> </ul></div></li>     <li class="second-depth-list"><a href="/np/categories/384621" data-log-props="{ &quot;id&quot;:&quot;category_menu&quot;, &quot;param&quot;:{&quot;categoryLabel&quot;:&quot;home_decoration&quot;} }">원예/가드닝 <i class="depth-select-icon"></i></a><div class="third-depth-list"><ul>  <li><a href="/np/categories/418920" data-log-props="{ &quot;id&quot;:&quot;category_menu&quot;, &quot;param&quot;:{&quot;categoryLabel&quot;:&quot;home_decoration&quot;} }">꽃다발/꽃선물</a></li>   <li><a href="/np/categories/384622" data-log-props="{ &quot;id&quot;:&quot;category_menu&quot;, &quot;param&quot;:{&quot;categoryLabel&quot;:&quot;home_decoration&quot;} }">다육이/선인장</a></li>   <li><a href="/np/categories/384625" data-log-props="{ &quot;id&quot;:&quot;category_menu&quot;, &quot;param&quot;:{&quot;categoryLabel&quot;:&quot;home_decoration&quot;} }">식물/나무</a></li>   <li><a href="/np/categories/384644" data-log-props="{ &quot;id&quot;:&quot;category_menu&quot;, &quot;param&quot;:{&quot;categoryLabel&quot;:&quot;home_decoration&quot;} }">조화/비누꽃</a></li>   <li><a href="/np/categories/384656" data-log-props="{ &quot;id&quot;:&quot;category_menu&quot;, &quot;param&quot;:{&quot;categoryLabel&quot;:&quot;home_decoration&quot;} }">드라이플라워</a></li>   <li><a href="/np/categories/384660" data-log-props="{ &quot;id&quot;:&quot;category_menu&quot;, &quot;param&quot;:{&quot;categoryLabel&quot;:&quot;home_decoration&quot;} }">화분/화병</a></li>   <li><a href="/np/categories/384669" data-log-props="{ &quot;id&quot;:&quot;category_menu&quot;, &quot;param&quot;:{&quot;categoryLabel&quot;:&quot;home_decoration&quot;} }">씨앗/텃밭세트</a></li>   <li><a href="/np/categories/384682" data-log-props="{ &quot;id&quot;:&quot;category_menu&quot;, &quot;param&quot;:{&quot;categoryLabel&quot;:&quot;home_decoration&quot;} }">숯화분/석부작</a></li>   <li><a href="/np/categories/384685" data-log-props="{ &quot;id&quot;:&quot;category_menu&quot;, &quot;param&quot;:{&quot;categoryLabel&quot;:&quot;home_decoration&quot;} }">흙/영양제/살충</a></li>   <li><a href="/np/categories/384693" data-log-props="{ &quot;id&quot;:&quot;category_menu&quot;, &quot;param&quot;:{&quot;categoryLabel&quot;:&quot;home_decoration&quot;} }">원예도구</a></li>   <li><a href="/np/categories/384702" data-log-props="{ &quot;id&quot;:&quot;category_menu&quot;, &quot;param&quot;:{&quot;categoryLabel&quot;:&quot;home_decoration&quot;} }">야외가구/소품</a></li>   <li><a href="/np/categories/384715" data-log-props="{ &quot;id&quot;:&quot;category_menu&quot;, &quot;param&quot;:{&quot;categoryLabel&quot;:&quot;home_decoration&quot;} }">잔디/농기구</a></li> </ul></div></li>     <li class="second-depth-list"><a href="/np/categories/280701" data-log-props="{ &quot;id&quot;:&quot;category_menu&quot;, &quot;param&quot;:{&quot;categoryLabel&quot;:&quot;home_decoration&quot;} }">셀프인테리어 <i class="depth-select-icon"></i></a><div class="third-depth-list"><ul>  <li><a href="/np/categories/280743" data-log-props="{ &quot;id&quot;:&quot;category_menu&quot;, &quot;param&quot;:{&quot;categoryLabel&quot;:&quot;home_decoration&quot;} }">벽지/도배용품</a></li>   <li><a href="/np/categories/280702" data-log-props="{ &quot;id&quot;:&quot;category_menu&quot;, &quot;param&quot;:{&quot;categoryLabel&quot;:&quot;home_decoration&quot;} }">페인트/핸디코트</a></li>   <li><a href="/np/categories/280728" data-log-props="{ &quot;id&quot;:&quot;category_menu&quot;, &quot;param&quot;:{&quot;categoryLabel&quot;:&quot;home_decoration&quot;} }">장판/바닥재</a></li>   <li><a href="/np/categories/280757" data-log-props="{ &quot;id&quot;:&quot;category_menu&quot;, &quot;param&quot;:{&quot;categoryLabel&quot;:&quot;home_decoration&quot;} }">시트지/스티커</a></li>   <li><a href="/np/categories/280770" data-log-props="{ &quot;id&quot;:&quot;category_menu&quot;, &quot;param&quot;:{&quot;categoryLabel&quot;:&quot;home_decoration&quot;} }">폼블럭/타일/벽돌</a></li>   <li><a href="/np/categories/280779" data-log-props="{ &quot;id&quot;:&quot;category_menu&quot;, &quot;param&quot;:{&quot;categoryLabel&quot;:&quot;home_decoration&quot;} }">조명인테리어</a></li>   <li><a href="/np/categories/280800" data-log-props="{ &quot;id&quot;:&quot;category_menu&quot;, &quot;param&quot;:{&quot;categoryLabel&quot;:&quot;home_decoration&quot;} }">보수용품</a></li>   <li><a href="/np/categories/280808" data-log-props="{ &quot;id&quot;:&quot;category_menu&quot;, &quot;param&quot;:{&quot;categoryLabel&quot;:&quot;home_decoration&quot;} }">공구/자재</a></li>   <li><a href="/np/categories/280824" data-log-props="{ &quot;id&quot;:&quot;category_menu&quot;, &quot;param&quot;:{&quot;categoryLabel&quot;:&quot;home_decoration&quot;} }">인테리어소품</a></li>   <li><a href="/np/categories/280856" data-log-props="{ &quot;id&quot;:&quot;category_menu&quot;, &quot;param&quot;:{&quot;categoryLabel&quot;:&quot;home_decoration&quot;} }">인테리어도서</a></li>   <li><a href="/np/categories/509364" data-log-props="{ &quot;id&quot;:&quot;category_menu&quot;, &quot;param&quot;:{&quot;categoryLabel&quot;:&quot;home_decoration&quot;} }">건전지/멀티탭</a></li> </ul></div></li>     <li class="second-depth-list"><a href="/np/categories/510113" data-log-props="{ &quot;id&quot;:&quot;category_menu&quot;, &quot;param&quot;:{&quot;categoryLabel&quot;:&quot;home_decoration&quot;} }">공구/철물/DIY <i class="depth-select-icon"></i></a><div class="third-depth-list"><ul>  <li><a href="/np/categories/510114" data-log-props="{ &quot;id&quot;:&quot;category_menu&quot;, &quot;param&quot;:{&quot;categoryLabel&quot;:&quot;home_decoration&quot;} }">전동/정밀공구</a></li>   <li><a href="/np/categories/510126" data-log-props="{ &quot;id&quot;:&quot;category_menu&quot;, &quot;param&quot;:{&quot;categoryLabel&quot;:&quot;home_decoration&quot;} }">수공구/절단도구</a></li>   <li><a href="/np/categories/510142" data-log-props="{ &quot;id&quot;:&quot;category_menu&quot;, &quot;param&quot;:{&quot;categoryLabel&quot;:&quot;home_decoration&quot;} }">공구함</a></li>   <li><a href="/np/categories/510143" data-log-props="{ &quot;id&quot;:&quot;category_menu&quot;, &quot;param&quot;:{&quot;categoryLabel&quot;:&quot;home_decoration&quot;} }">측정/측량도구</a></li>   <li><a href="/np/categories/510155" data-log-props="{ &quot;id&quot;:&quot;category_menu&quot;, &quot;param&quot;:{&quot;categoryLabel&quot;:&quot;home_decoration&quot;} }">배관/건축자재</a></li>   <li><a href="/np/categories/510179" data-log-props="{ &quot;id&quot;:&quot;category_menu&quot;, &quot;param&quot;:{&quot;categoryLabel&quot;:&quot;home_decoration&quot;} }">사다리/운반용품</a></li>   <li><a href="/np/categories/510184" data-log-props="{ &quot;id&quot;:&quot;category_menu&quot;, &quot;param&quot;:{&quot;categoryLabel&quot;:&quot;home_decoration&quot;} }">모터/에어공구</a></li>   <li><a href="/np/categories/510193" data-log-props="{ &quot;id&quot;:&quot;category_menu&quot;, &quot;param&quot;:{&quot;categoryLabel&quot;:&quot;home_decoration&quot;} }">나사/못/체결도구</a></li>   <li><a href="/np/categories/510203" data-log-props="{ &quot;id&quot;:&quot;category_menu&quot;, &quot;param&quot;:{&quot;categoryLabel&quot;:&quot;home_decoration&quot;} }">접착/보수용품</a></li>   <li><a href="/np/categories/510216" data-log-props="{ &quot;id&quot;:&quot;category_menu&quot;, &quot;param&quot;:{&quot;categoryLabel&quot;:&quot;home_decoration&quot;} }">토치/용접공구</a></li>   <li><a href="/np/categories/510222" data-log-props="{ &quot;id&quot;:&quot;category_menu&quot;, &quot;param&quot;:{&quot;categoryLabel&quot;:&quot;home_decoration&quot;} }">페인트/도구</a></li> </ul></div></li>     <li class="second-depth-list"><a href="/np/categories/510083" data-log-props="{ &quot;id&quot;:&quot;category_menu&quot;, &quot;param&quot;:{&quot;categoryLabel&quot;:&quot;home_decoration&quot;} }">생활전기용품 <i class="depth-select-icon"></i></a><div class="third-depth-list"><ul>  <li><a href="/np/categories/510084" data-log-props="{ &quot;id&quot;:&quot;category_menu&quot;, &quot;param&quot;:{&quot;categoryLabel&quot;:&quot;home_decoration&quot;} }">멀티탭/연장선</a></li>   <li><a href="/np/categories/510089" data-log-props="{ &quot;id&quot;:&quot;category_menu&quot;, &quot;param&quot;:{&quot;categoryLabel&quot;:&quot;home_decoration&quot;} }">전구/램프</a></li>   <li><a href="/np/categories/510096" data-log-props="{ &quot;id&quot;:&quot;category_menu&quot;, &quot;param&quot;:{&quot;categoryLabel&quot;:&quot;home_decoration&quot;} }">조명기구/부속</a></li>   <li><a href="/np/categories/510106" data-log-props="{ &quot;id&quot;:&quot;category_menu&quot;, &quot;param&quot;:{&quot;categoryLabel&quot;:&quot;home_decoration&quot;} }">건전지/배터리</a></li> </ul></div></li>    <li class="second-depth-list more-category"><a href="/np/categories/184555">더보기</a></li>        </ul>
<span class="gnb-banner" style="background: #FFF">
<a class="category-banner-button" href="https://pages.coupang.com/p/144799" title="홈인테리어" data-log-props="{ &quot;id&quot;:&quot;category_menu_banner&quot;, &quot;param&quot;:{&quot;categoryLabel&quot;:&quot;home_decoration&quot;} }">홈인테리어</a>
		<img alt="홈인테리어" data-banner-src="//image6.coupangcdn.com/image/displayitem/displayitem_2bea84bf-19e4-479f-9d37-c3bbf38e42c6.jpg" class="category-banner-image">
</span>

</div></div></li>







        <li class="appliances-digital"><a href="/np/categories/178255" class="first-depth" data-log-props="{ &quot;id&quot;:&quot;category_menu&quot;, &quot;param&quot;:{&quot;categoryLabel&quot;:&quot;digital&quot;} }">가전디지털<i class="select-icon"></i></a><div class="depth"><div class="depth-list banner third"><ul>   <li class="second-depth-list"><a href="/np/categories/178454" data-log-props="{ &quot;id&quot;:&quot;category_menu&quot;, &quot;param&quot;:{&quot;categoryLabel&quot;:&quot;digital&quot;} }">TV/영상가전 <i class="depth-select-icon"></i></a><div class="third-depth-list"><ul>  <li><a href="/np/categories/178456" data-log-props="{ &quot;id&quot;:&quot;category_menu&quot;, &quot;param&quot;:{&quot;categoryLabel&quot;:&quot;digital&quot;} }">TV</a></li>   <li><a href="/np/categories/509601" data-log-props="{ &quot;id&quot;:&quot;category_menu&quot;, &quot;param&quot;:{&quot;categoryLabel&quot;:&quot;digital&quot;} }">미러링/스트리밍</a></li>   <li><a href="/np/categories/178462" data-log-props="{ &quot;id&quot;:&quot;category_menu&quot;, &quot;param&quot;:{&quot;categoryLabel&quot;:&quot;digital&quot;} }">TV 액세서리</a></li>   <li><a href="/np/categories/178475" data-log-props="{ &quot;id&quot;:&quot;category_menu&quot;, &quot;param&quot;:{&quot;categoryLabel&quot;:&quot;digital&quot;} }">블루레이/DVD/DivX</a></li>   <li><a href="/np/categories/178481" data-log-props="{ &quot;id&quot;:&quot;category_menu&quot;, &quot;param&quot;:{&quot;categoryLabel&quot;:&quot;digital&quot;} }">빔/프로젝터/스크린</a></li> </ul></div></li>     <li class="second-depth-list"><a href="/np/categories/403245" data-log-props="{ &quot;id&quot;:&quot;category_menu&quot;, &quot;param&quot;:{&quot;categoryLabel&quot;:&quot;digital&quot;} }">냉장고 <i class="depth-select-icon"></i></a><div class="third-depth-list"><ul>  <li><a href="/np/categories/403246" data-log-props="{ &quot;id&quot;:&quot;category_menu&quot;, &quot;param&quot;:{&quot;categoryLabel&quot;:&quot;digital&quot;} }">3/4도어냉장고</a></li>   <li><a href="/np/categories/403247" data-log-props="{ &quot;id&quot;:&quot;category_menu&quot;, &quot;param&quot;:{&quot;categoryLabel&quot;:&quot;digital&quot;} }">2도어 냉장고</a></li>   <li><a href="/np/categories/403248" data-log-props="{ &quot;id&quot;:&quot;category_menu&quot;, &quot;param&quot;:{&quot;categoryLabel&quot;:&quot;digital&quot;} }">1도어 냉장고</a></li>   <li><a href="/np/categories/403249" data-log-props="{ &quot;id&quot;:&quot;category_menu&quot;, &quot;param&quot;:{&quot;categoryLabel&quot;:&quot;digital&quot;} }">미니냉장고</a></li>   <li><a href="/np/categories/403250" data-log-props="{ &quot;id&quot;:&quot;category_menu&quot;, &quot;param&quot;:{&quot;categoryLabel&quot;:&quot;digital&quot;} }">김치냉장고</a></li>   <li><a href="/np/categories/403251" data-log-props="{ &quot;id&quot;:&quot;category_menu&quot;, &quot;param&quot;:{&quot;categoryLabel&quot;:&quot;digital&quot;} }">냉동고</a></li>   <li><a href="/np/categories/403252" data-log-props="{ &quot;id&quot;:&quot;category_menu&quot;, &quot;param&quot;:{&quot;categoryLabel&quot;:&quot;digital&quot;} }">전용냉장고</a></li> </ul></div></li>     <li class="second-depth-list"><a href="/np/categories/486733" data-log-props="{ &quot;id&quot;:&quot;category_menu&quot;, &quot;param&quot;:{&quot;categoryLabel&quot;:&quot;digital&quot;} }">세탁기/건조기 <i class="depth-select-icon"></i></a><div class="third-depth-list"><ul>  <li><a href="/np/categories/509624" data-log-props="{ &quot;id&quot;:&quot;category_menu&quot;, &quot;param&quot;:{&quot;categoryLabel&quot;:&quot;digital&quot;} }">세탁기건조기세트</a></li>   <li><a href="/np/categories/486734" data-log-props="{ &quot;id&quot;:&quot;category_menu&quot;, &quot;param&quot;:{&quot;categoryLabel&quot;:&quot;digital&quot;} }">세탁기</a></li>   <li><a href="/np/categories/486735" data-log-props="{ &quot;id&quot;:&quot;category_menu&quot;, &quot;param&quot;:{&quot;categoryLabel&quot;:&quot;digital&quot;} }">건조기</a></li>   <li><a href="/np/categories/486736" data-log-props="{ &quot;id&quot;:&quot;category_menu&quot;, &quot;param&quot;:{&quot;categoryLabel&quot;:&quot;digital&quot;} }">의류관리기</a></li>   <li><a href="/np/categories/486737" data-log-props="{ &quot;id&quot;:&quot;category_menu&quot;, &quot;param&quot;:{&quot;categoryLabel&quot;:&quot;digital&quot;} }">신발건조기</a></li>   <li><a href="/np/categories/486738" data-log-props="{ &quot;id&quot;:&quot;category_menu&quot;, &quot;param&quot;:{&quot;categoryLabel&quot;:&quot;digital&quot;} }">탈수기</a></li>   <li><a href="/np/categories/486739" data-log-props="{ &quot;id&quot;:&quot;category_menu&quot;, &quot;param&quot;:{&quot;categoryLabel&quot;:&quot;digital&quot;} }">액세서리</a></li> </ul></div></li>     <li class="second-depth-list"><a href="/np/categories/178627" data-log-props="{ &quot;id&quot;:&quot;category_menu&quot;, &quot;param&quot;:{&quot;categoryLabel&quot;:&quot;digital&quot;} }">생활가전 <i class="depth-select-icon"></i></a><div class="third-depth-list"><ul>  <li><a href="/np/categories/178663" data-log-props="{ &quot;id&quot;:&quot;category_menu&quot;, &quot;param&quot;:{&quot;categoryLabel&quot;:&quot;digital&quot;} }">공기청정기</a></li>   <li><a href="/np/categories/178658" data-log-props="{ &quot;id&quot;:&quot;category_menu&quot;, &quot;param&quot;:{&quot;categoryLabel&quot;:&quot;digital&quot;} }">다리미/재봉/보풀</a></li>   <li><a href="/np/categories/178667" data-log-props="{ &quot;id&quot;:&quot;category_menu&quot;, &quot;param&quot;:{&quot;categoryLabel&quot;:&quot;digital&quot;} }">도어록/비디오폰</a></li>   <li><a href="/np/categories/178673" data-log-props="{ &quot;id&quot;:&quot;category_menu&quot;, &quot;param&quot;:{&quot;categoryLabel&quot;:&quot;digital&quot;} }">비데/온수기</a></li>   <li><a href="/np/categories/178685" data-log-props="{ &quot;id&quot;:&quot;category_menu&quot;, &quot;param&quot;:{&quot;categoryLabel&quot;:&quot;digital&quot;} }">전동칫솔/살균기</a></li>   <li><a href="/np/categories/178702" data-log-props="{ &quot;id&quot;:&quot;category_menu&quot;, &quot;param&quot;:{&quot;categoryLabel&quot;:&quot;digital&quot;} }">학습용 스탠드</a></li>   <li><a href="/np/categories/178703" data-log-props="{ &quot;id&quot;:&quot;category_menu&quot;, &quot;param&quot;:{&quot;categoryLabel&quot;:&quot;digital&quot;} }">전화기/무전기</a></li> </ul></div></li>     <li class="second-depth-list"><a href="/np/categories/413352" data-log-props="{ &quot;id&quot;:&quot;category_menu&quot;, &quot;param&quot;:{&quot;categoryLabel&quot;:&quot;digital&quot;} }">청소기 <i class="depth-select-icon"></i></a><div class="third-depth-list"><ul>  <li><a href="/np/campaigns/17009" data-log-props="{ &quot;id&quot;:&quot;category_menu&quot;, &quot;param&quot;:{&quot;categoryLabel&quot;:&quot;digital&quot;} }">먼지비움청소기</a></li>   <li><a href="/np/categories/413353" data-log-props="{ &quot;id&quot;:&quot;category_menu&quot;, &quot;param&quot;:{&quot;categoryLabel&quot;:&quot;digital&quot;} }">스틱청소기</a></li>   <li><a href="/np/categories/413354" data-log-props="{ &quot;id&quot;:&quot;category_menu&quot;, &quot;param&quot;:{&quot;categoryLabel&quot;:&quot;digital&quot;} }">진공청소기</a></li>   <li><a href="/np/categories/413355" data-log-props="{ &quot;id&quot;:&quot;category_menu&quot;, &quot;param&quot;:{&quot;categoryLabel&quot;:&quot;digital&quot;} }">로봇청소기</a></li>   <li><a href="/np/categories/413356" data-log-props="{ &quot;id&quot;:&quot;category_menu&quot;, &quot;param&quot;:{&quot;categoryLabel&quot;:&quot;digital&quot;} }">물걸레청소기</a></li>   <li><a href="/np/categories/413357" data-log-props="{ &quot;id&quot;:&quot;category_menu&quot;, &quot;param&quot;:{&quot;categoryLabel&quot;:&quot;digital&quot;} }">침구청소기</a></li>   <li><a href="/np/categories/413358" data-log-props="{ &quot;id&quot;:&quot;category_menu&quot;, &quot;param&quot;:{&quot;categoryLabel&quot;:&quot;digital&quot;} }">핸디청소기</a></li>   <li><a href="/np/categories/413359" data-log-props="{ &quot;id&quot;:&quot;category_menu&quot;, &quot;param&quot;:{&quot;categoryLabel&quot;:&quot;digital&quot;} }">스팀청소기</a></li>   <li><a href="/np/categories/413360" data-log-props="{ &quot;id&quot;:&quot;category_menu&quot;, &quot;param&quot;:{&quot;categoryLabel&quot;:&quot;digital&quot;} }">차량용청소기</a></li>   <li><a href="/np/categories/413361" data-log-props="{ &quot;id&quot;:&quot;category_menu&quot;, &quot;param&quot;:{&quot;categoryLabel&quot;:&quot;digital&quot;} }">업소용청소기</a></li>   <li><a href="/np/categories/413362" data-log-props="{ &quot;id&quot;:&quot;category_menu&quot;, &quot;param&quot;:{&quot;categoryLabel&quot;:&quot;digital&quot;} }">필터/액세서리</a></li> </ul></div></li>     <li class="second-depth-list"><a href="/np/categories/227812" data-log-props="{ &quot;id&quot;:&quot;category_menu&quot;, &quot;param&quot;:{&quot;categoryLabel&quot;:&quot;digital&quot;} }">계절가전 <i class="depth-select-icon"></i></a><div class="third-depth-list"><ul>  <li><a href="/np/categories/238887" data-log-props="{ &quot;id&quot;:&quot;category_menu&quot;, &quot;param&quot;:{&quot;categoryLabel&quot;:&quot;digital&quot;} }">공기청정기</a></li>   <li><a href="/np/categories/388046" data-log-props="{ &quot;id&quot;:&quot;category_menu&quot;, &quot;param&quot;:{&quot;categoryLabel&quot;:&quot;digital&quot;} }">선풍기</a></li>   <li><a href="/np/categories/227820" data-log-props="{ &quot;id&quot;:&quot;category_menu&quot;, &quot;param&quot;:{&quot;categoryLabel&quot;:&quot;digital&quot;} }">에어컨</a></li>   <li><a href="/np/categories/238886" data-log-props="{ &quot;id&quot;:&quot;category_menu&quot;, &quot;param&quot;:{&quot;categoryLabel&quot;:&quot;digital&quot;} }">제습기</a></li>   <li><a href="/np/categories/306335" data-log-props="{ &quot;id&quot;:&quot;category_menu&quot;, &quot;param&quot;:{&quot;categoryLabel&quot;:&quot;digital&quot;} }">서큘레이터</a></li>   <li><a href="/np/categories/388055" data-log-props="{ &quot;id&quot;:&quot;category_menu&quot;, &quot;param&quot;:{&quot;categoryLabel&quot;:&quot;digital&quot;} }">냉풍기</a></li>   <li><a href="/np/categories/227847" data-log-props="{ &quot;id&quot;:&quot;category_menu&quot;, &quot;param&quot;:{&quot;categoryLabel&quot;:&quot;digital&quot;} }">건조기/탈수기</a></li>   <li><a href="/np/categories/227853" data-log-props="{ &quot;id&quot;:&quot;category_menu&quot;, &quot;param&quot;:{&quot;categoryLabel&quot;:&quot;digital&quot;} }">모기/해충 퇴치기</a></li>   <li><a href="/np/categories/247567" data-log-props="{ &quot;id&quot;:&quot;category_menu&quot;, &quot;param&quot;:{&quot;categoryLabel&quot;:&quot;digital&quot;} }">가습기/에어워셔</a></li>   <li><a href="/np/categories/247548" data-log-props="{ &quot;id&quot;:&quot;category_menu&quot;, &quot;param&quot;:{&quot;categoryLabel&quot;:&quot;digital&quot;} }">전기요/매트</a></li>   <li><a href="/np/categories/228864" data-log-props="{ &quot;id&quot;:&quot;category_menu&quot;, &quot;param&quot;:{&quot;categoryLabel&quot;:&quot;digital&quot;} }">냉온수매트</a></li>   <li><a href="/np/categories/247553" data-log-props="{ &quot;id&quot;:&quot;category_menu&quot;, &quot;param&quot;:{&quot;categoryLabel&quot;:&quot;digital&quot;} }">히터/온풍기</a></li>   <li><a href="/np/categories/247564" data-log-props="{ &quot;id&quot;:&quot;category_menu&quot;, &quot;param&quot;:{&quot;categoryLabel&quot;:&quot;digital&quot;} }">손난로/발난로</a></li> </ul></div></li>     <li class="second-depth-list"><a href="/np/categories/333478" data-log-props="{ &quot;id&quot;:&quot;category_menu&quot;, &quot;param&quot;:{&quot;categoryLabel&quot;:&quot;digital&quot;} }">뷰티/헤어가전 <i class="depth-select-icon"></i></a><div class="third-depth-list"><ul>  <li><a href="/np/categories/486670" data-log-props="{ &quot;id&quot;:&quot;category_menu&quot;, &quot;param&quot;:{&quot;categoryLabel&quot;:&quot;digital&quot;} }">헤어드라이어</a></li>   <li><a href="/np/categories/486673" data-log-props="{ &quot;id&quot;:&quot;category_menu&quot;, &quot;param&quot;:{&quot;categoryLabel&quot;:&quot;digital&quot;} }">고데기/매직기</a></li>   <li><a href="/np/categories/333479" data-log-props="{ &quot;id&quot;:&quot;category_menu&quot;, &quot;param&quot;:{&quot;categoryLabel&quot;:&quot;digital&quot;} }">헤어스타일러</a></li>   <li><a href="/np/categories/333492" data-log-props="{ &quot;id&quot;:&quot;category_menu&quot;, &quot;param&quot;:{&quot;categoryLabel&quot;:&quot;digital&quot;} }">두피/헤어관리</a></li>   <li><a href="/np/categories/333496" data-log-props="{ &quot;id&quot;:&quot;category_menu&quot;, &quot;param&quot;:{&quot;categoryLabel&quot;:&quot;digital&quot;} }">피부관리기기</a></li>   <li><a href="/np/categories/333519" data-log-props="{ &quot;id&quot;:&quot;category_menu&quot;, &quot;param&quot;:{&quot;categoryLabel&quot;:&quot;digital&quot;} }">면도기/이발기</a></li>   <li><a href="/np/categories/333522" data-log-props="{ &quot;id&quot;:&quot;category_menu&quot;, &quot;param&quot;:{&quot;categoryLabel&quot;:&quot;digital&quot;} }">제모기</a></li>   <li><a href="/np/categories/333527" data-log-props="{ &quot;id&quot;:&quot;category_menu&quot;, &quot;param&quot;:{&quot;categoryLabel&quot;:&quot;digital&quot;} }">눈썹/네일관리</a></li> </ul></div></li>     <li class="second-depth-list"><a href="/np/categories/178713" data-log-props="{ &quot;id&quot;:&quot;category_menu&quot;, &quot;param&quot;:{&quot;categoryLabel&quot;:&quot;digital&quot;} }">건강가전 <i class="depth-select-icon"></i></a><div class="third-depth-list"><ul>  <li><a href="/np/categories/509621" data-log-props="{ &quot;id&quot;:&quot;category_menu&quot;, &quot;param&quot;:{&quot;categoryLabel&quot;:&quot;digital&quot;} }">안마의자</a></li>   <li><a href="/np/categories/178715" data-log-props="{ &quot;id&quot;:&quot;category_menu&quot;, &quot;param&quot;:{&quot;categoryLabel&quot;:&quot;digital&quot;} }">안마/찜질기</a></li>   <li><a href="/np/categories/178722" data-log-props="{ &quot;id&quot;:&quot;category_menu&quot;, &quot;param&quot;:{&quot;categoryLabel&quot;:&quot;digital&quot;} }">전동칫솔/구강가전</a></li>   <li><a href="/np/categories/178739" data-log-props="{ &quot;id&quot;:&quot;category_menu&quot;, &quot;param&quot;:{&quot;categoryLabel&quot;:&quot;digital&quot;} }">비데</a></li>   <li><a href="/np/categories/178744" data-log-props="{ &quot;id&quot;:&quot;category_menu&quot;, &quot;param&quot;:{&quot;categoryLabel&quot;:&quot;digital&quot;} }">건강측정/의료기</a></li>   <li><a href="/np/categories/466380" data-log-props="{ &quot;id&quot;:&quot;category_menu&quot;, &quot;param&quot;:{&quot;categoryLabel&quot;:&quot;digital&quot;} }">살균/소독기</a></li>   <li><a href="/np/categories/178751" data-log-props="{ &quot;id&quot;:&quot;category_menu&quot;, &quot;param&quot;:{&quot;categoryLabel&quot;:&quot;digital&quot;} }">손건조기/소독기</a></li> </ul></div></li>     <li class="second-depth-list"><a href="/np/categories/445736" data-log-props="{ &quot;id&quot;:&quot;category_menu&quot;, &quot;param&quot;:{&quot;categoryLabel&quot;:&quot;digital&quot;} }">주방가전 <i class="depth-select-icon"></i></a><div class="third-depth-list"><ul>  <li><a href="/np/categories/445737" data-log-props="{ &quot;id&quot;:&quot;category_menu&quot;, &quot;param&quot;:{&quot;categoryLabel&quot;:&quot;digital&quot;} }">전기밥솥</a></li>   <li><a href="/np/categories/445743" data-log-props="{ &quot;id&quot;:&quot;category_menu&quot;, &quot;param&quot;:{&quot;categoryLabel&quot;:&quot;digital&quot;} }">전자레인지</a></li>   <li><a href="/np/categories/445744" data-log-props="{ &quot;id&quot;:&quot;category_menu&quot;, &quot;param&quot;:{&quot;categoryLabel&quot;:&quot;digital&quot;} }">오븐</a></li>   <li><a href="/np/categories/445747" data-log-props="{ &quot;id&quot;:&quot;category_menu&quot;, &quot;param&quot;:{&quot;categoryLabel&quot;:&quot;digital&quot;} }">가스레인지</a></li>   <li><a href="/np/categories/445748" data-log-props="{ &quot;id&quot;:&quot;category_menu&quot;, &quot;param&quot;:{&quot;categoryLabel&quot;:&quot;digital&quot;} }">전기레인지</a></li>   <li><a href="/np/categories/445753" data-log-props="{ &quot;id&quot;:&quot;category_menu&quot;, &quot;param&quot;:{&quot;categoryLabel&quot;:&quot;digital&quot;} }">식기세척/건조기</a></li>   <li><a href="/np/categories/445758" data-log-props="{ &quot;id&quot;:&quot;category_menu&quot;, &quot;param&quot;:{&quot;categoryLabel&quot;:&quot;digital&quot;} }">믹서기/블렌더</a></li>   <li><a href="/np/categories/445770" data-log-props="{ &quot;id&quot;:&quot;category_menu&quot;, &quot;param&quot;:{&quot;categoryLabel&quot;:&quot;digital&quot;} }">커피메이커/머신</a></li>   <li><a href="/np/categories/445779" data-log-props="{ &quot;id&quot;:&quot;category_menu&quot;, &quot;param&quot;:{&quot;categoryLabel&quot;:&quot;digital&quot;} }">빙수기/제빙기</a></li>   <li><a href="/np/categories/445784" data-log-props="{ &quot;id&quot;:&quot;category_menu&quot;, &quot;param&quot;:{&quot;categoryLabel&quot;:&quot;digital&quot;} }">전기포트</a></li>   <li><a href="/np/categories/510536" data-log-props="{ &quot;id&quot;:&quot;category_menu&quot;, &quot;param&quot;:{&quot;categoryLabel&quot;:&quot;digital&quot;} }">에어프라이어</a></li>   <li><a href="/np/categories/465013" data-log-props="{ &quot;id&quot;:&quot;category_menu&quot;, &quot;param&quot;:{&quot;categoryLabel&quot;:&quot;digital&quot;} }">튀김기</a></li>   <li><a href="/np/categories/445793" data-log-props="{ &quot;id&quot;:&quot;category_menu&quot;, &quot;param&quot;:{&quot;categoryLabel&quot;:&quot;digital&quot;} }">토스터</a></li>  <li class="more-category"><a href="/np/categories/445736">더보기</a></li>                                   </ul></div></li>     <li class="second-depth-list"><a href="/np/categories/497135" data-log-props="{ &quot;id&quot;:&quot;category_menu&quot;, &quot;param&quot;:{&quot;categoryLabel&quot;:&quot;digital&quot;} }">노트북 </a><div class="third-depth-list"><ul></ul></div></li>     <li class="second-depth-list"><a href="/np/categories/497136" data-log-props="{ &quot;id&quot;:&quot;category_menu&quot;, &quot;param&quot;:{&quot;categoryLabel&quot;:&quot;digital&quot;} }">데스크탑 <i class="depth-select-icon"></i></a><div class="third-depth-list"><ul>  <li><a href="/np/categories/497137" data-log-props="{ &quot;id&quot;:&quot;category_menu&quot;, &quot;param&quot;:{&quot;categoryLabel&quot;:&quot;digital&quot;} }">브랜드PC</a></li>   <li><a href="/np/categories/497138" data-log-props="{ &quot;id&quot;:&quot;category_menu&quot;, &quot;param&quot;:{&quot;categoryLabel&quot;:&quot;digital&quot;} }">일체형PC</a></li>   <li><a href="/np/categories/497139" data-log-props="{ &quot;id&quot;:&quot;category_menu&quot;, &quot;param&quot;:{&quot;categoryLabel&quot;:&quot;digital&quot;} }">조립PC</a></li>   <li><a href="/np/categories/497140" data-log-props="{ &quot;id&quot;:&quot;category_menu&quot;, &quot;param&quot;:{&quot;categoryLabel&quot;:&quot;digital&quot;} }">미니PC</a></li> </ul></div></li>     <li class="second-depth-list"><a href="/np/categories/510541" data-log-props="{ &quot;id&quot;:&quot;category_menu&quot;, &quot;param&quot;:{&quot;categoryLabel&quot;:&quot;digital&quot;} }">모니터 <i class="depth-select-icon"></i></a><div class="third-depth-list"><ul>  <li><a href="/np/categories/510542" data-log-props="{ &quot;id&quot;:&quot;category_menu&quot;, &quot;param&quot;:{&quot;categoryLabel&quot;:&quot;digital&quot;} }">일반 모니터</a></li>   <li><a href="/np/campaigns/19498" data-log-props="{ &quot;id&quot;:&quot;category_menu&quot;, &quot;param&quot;:{&quot;categoryLabel&quot;:&quot;digital&quot;} }">휴대용 모니터</a></li>   <li><a href="/np/campaigns/19500" data-log-props="{ &quot;id&quot;:&quot;category_menu&quot;, &quot;param&quot;:{&quot;categoryLabel&quot;:&quot;digital&quot;} }">스마트 모니터</a></li>   <li><a href="/np/campaigns/19496" data-log-props="{ &quot;id&quot;:&quot;category_menu&quot;, &quot;param&quot;:{&quot;categoryLabel&quot;:&quot;digital&quot;} }">게이밍 모니터</a></li> </ul></div></li>     <li class="second-depth-list"><a href="/np/categories/497244" data-log-props="{ &quot;id&quot;:&quot;category_menu&quot;, &quot;param&quot;:{&quot;categoryLabel&quot;:&quot;digital&quot;} }">휴대폰 </a><div class="third-depth-list"><ul></ul></div></li>     <li class="second-depth-list"><a href="/np/categories/497245" data-log-props="{ &quot;id&quot;:&quot;category_menu&quot;, &quot;param&quot;:{&quot;categoryLabel&quot;:&quot;digital&quot;} }">태블릿PC <i class="depth-select-icon"></i></a><div class="third-depth-list"><ul>  <li><a href="/np/categories/497246" data-log-props="{ &quot;id&quot;:&quot;category_menu&quot;, &quot;param&quot;:{&quot;categoryLabel&quot;:&quot;digital&quot;} }">태블릿PC</a></li>   <li><a href="/np/categories/497247" data-log-props="{ &quot;id&quot;:&quot;category_menu&quot;, &quot;param&quot;:{&quot;categoryLabel&quot;:&quot;digital&quot;} }">액세서리</a></li> </ul></div></li>     <li class="second-depth-list"><a href="/np/categories/497252" data-log-props="{ &quot;id&quot;:&quot;category_menu&quot;, &quot;param&quot;:{&quot;categoryLabel&quot;:&quot;digital&quot;} }">스마트워치/밴드 <i class="depth-select-icon"></i></a><div class="third-depth-list"><ul>  <li><a href="/np/categories/497253" data-log-props="{ &quot;id&quot;:&quot;category_menu&quot;, &quot;param&quot;:{&quot;categoryLabel&quot;:&quot;digital&quot;} }">스마트워치</a></li>   <li><a href="/np/categories/497254" data-log-props="{ &quot;id&quot;:&quot;category_menu&quot;, &quot;param&quot;:{&quot;categoryLabel&quot;:&quot;digital&quot;} }">스마트밴드</a></li>   <li><a href="/np/categories/565335" data-log-props="{ &quot;id&quot;:&quot;category_menu&quot;, &quot;param&quot;:{&quot;categoryLabel&quot;:&quot;digital&quot;} }">스마트링</a></li>   <li><a href="/np/categories/503019" data-log-props="{ &quot;id&quot;:&quot;category_menu&quot;, &quot;param&quot;:{&quot;categoryLabel&quot;:&quot;digital&quot;} }">액세서리</a></li> </ul></div></li>     <li class="second-depth-list"><a href="/np/categories/395267" data-log-props="{ &quot;id&quot;:&quot;category_menu&quot;, &quot;param&quot;:{&quot;categoryLabel&quot;:&quot;digital&quot;} }">게임 <i class="depth-select-icon"></i></a><div class="third-depth-list"><ul>  <li><a href="/np/campaigns/1366" data-log-props="{ &quot;id&quot;:&quot;category_menu&quot;, &quot;param&quot;:{&quot;categoryLabel&quot;:&quot;digital&quot;} }">게이밍노트북</a></li>   <li><a href="/np/campaigns/1596" data-log-props="{ &quot;id&quot;:&quot;category_menu&quot;, &quot;param&quot;:{&quot;categoryLabel&quot;:&quot;digital&quot;} }">게이밍데스크탑</a></li>   <li><a href="/np/campaigns/1391" data-log-props="{ &quot;id&quot;:&quot;category_menu&quot;, &quot;param&quot;:{&quot;categoryLabel&quot;:&quot;digital&quot;} }">게이밍모니터</a></li>   <li><a href="/np/categories/395274" data-log-props="{ &quot;id&quot;:&quot;category_menu&quot;, &quot;param&quot;:{&quot;categoryLabel&quot;:&quot;digital&quot;} }">마우스/키보드/헤드셋</a></li>   <li><a href="/np/categories/395288" data-log-props="{ &quot;id&quot;:&quot;category_menu&quot;, &quot;param&quot;:{&quot;categoryLabel&quot;:&quot;digital&quot;} }">그래픽카드/메인보드</a></li>   <li><a href="/np/categories/395291" data-log-props="{ &quot;id&quot;:&quot;category_menu&quot;, &quot;param&quot;:{&quot;categoryLabel&quot;:&quot;digital&quot;} }">PC타이틀/주변기기</a></li>   <li><a href="/np/categories/395299" data-log-props="{ &quot;id&quot;:&quot;category_menu&quot;, &quot;param&quot;:{&quot;categoryLabel&quot;:&quot;digital&quot;} }">플레이스테이션</a></li>   <li><a href="/np/categories/395306" data-log-props="{ &quot;id&quot;:&quot;category_menu&quot;, &quot;param&quot;:{&quot;categoryLabel&quot;:&quot;digital&quot;} }">닌텐도</a></li>   <li><a href="/np/categories/395311" data-log-props="{ &quot;id&quot;:&quot;category_menu&quot;, &quot;param&quot;:{&quot;categoryLabel&quot;:&quot;digital&quot;} }">XBOX</a></li>   <li><a href="/np/categories/395322" data-log-props="{ &quot;id&quot;:&quot;category_menu&quot;, &quot;param&quot;:{&quot;categoryLabel&quot;:&quot;digital&quot;} }">레트로/기타게임</a></li>   <li><a href="/np/categories/395326" data-log-props="{ &quot;id&quot;:&quot;category_menu&quot;, &quot;param&quot;:{&quot;categoryLabel&quot;:&quot;digital&quot;} }">휴대폰게임</a></li> </ul></div></li>    <li class="second-depth-list more-category"><a href="/np/categories/178255">더보기</a></li>                                                     </ul>
<span class="gnb-banner" style="background: #FFF">
<a class="category-banner-button" href="https://pages.coupang.com/p/145685" title="가전디지털" data-log-props="{ &quot;id&quot;:&quot;category_menu_banner&quot;, &quot;param&quot;:{&quot;categoryLabel&quot;:&quot;digital&quot;} }">가전디지털</a>
		<img alt="가전디지털" data-banner-src="//image7.coupangcdn.com/image/displayitem/displayitem_62bf870f-ca93-49e0-8058-602eee9f7df0.jpg" class="category-banner-image">
</span>

</div></div></li>







        <li class="sports"><a href="/np/categories/317778" class="first-depth" data-log-props="{ &quot;id&quot;:&quot;category_menu&quot;, &quot;param&quot;:{&quot;categoryLabel&quot;:&quot;sports&quot;} }">스포츠/레저<i class="select-icon"></i></a><div class="depth"><div class="depth-list banner third"><ul>   <li class="second-depth-list"><a href="/np/categories/328790" data-log-props="{ &quot;id&quot;:&quot;category_menu&quot;, &quot;param&quot;:{&quot;categoryLabel&quot;:&quot;sports&quot;} }">캠핑전문관 <i class="depth-select-icon"></i></a><div class="third-depth-list"><ul>  <li><a href="/np/campaigns/350" data-log-props="{ &quot;id&quot;:&quot;category_menu&quot;, &quot;param&quot;:{&quot;categoryLabel&quot;:&quot;sports&quot;} }">백패킹</a></li>   <li><a href="/np/campaigns/348" data-log-props="{ &quot;id&quot;:&quot;category_menu&quot;, &quot;param&quot;:{&quot;categoryLabel&quot;:&quot;sports&quot;} }">미니멀캠핑</a></li>   <li><a href="/np/campaigns/351" data-log-props="{ &quot;id&quot;:&quot;category_menu&quot;, &quot;param&quot;:{&quot;categoryLabel&quot;:&quot;sports&quot;} }">오토캠핑</a></li>   <li><a href="/np/campaigns/349" data-log-props="{ &quot;id&quot;:&quot;category_menu&quot;, &quot;param&quot;:{&quot;categoryLabel&quot;:&quot;sports&quot;} }">먹거리</a></li>   <li><a href="/np/categories/328791" data-log-props="{ &quot;id&quot;:&quot;category_menu&quot;, &quot;param&quot;:{&quot;categoryLabel&quot;:&quot;sports&quot;} }">텐트</a></li>   <li><a href="/np/categories/328798" data-log-props="{ &quot;id&quot;:&quot;category_menu&quot;, &quot;param&quot;:{&quot;categoryLabel&quot;:&quot;sports&quot;} }">타프/그늘막</a></li>   <li><a href="/np/categories/328807" data-log-props="{ &quot;id&quot;:&quot;category_menu&quot;, &quot;param&quot;:{&quot;categoryLabel&quot;:&quot;sports&quot;} }">텐트/타프 부품</a></li>   <li><a href="/np/categories/328821" data-log-props="{ &quot;id&quot;:&quot;category_menu&quot;, &quot;param&quot;:{&quot;categoryLabel&quot;:&quot;sports&quot;} }">의자/테이블</a></li>   <li><a href="/np/categories/328828" data-log-props="{ &quot;id&quot;:&quot;category_menu&quot;, &quot;param&quot;:{&quot;categoryLabel&quot;:&quot;sports&quot;} }">침낭/매트/해먹</a></li>   <li><a href="/np/categories/328860" data-log-props="{ &quot;id&quot;:&quot;category_menu&quot;, &quot;param&quot;:{&quot;categoryLabel&quot;:&quot;sports&quot;} }">캠핑주방용품</a></li>   <li><a href="/np/categories/328852" data-log-props="{ &quot;id&quot;:&quot;category_menu&quot;, &quot;param&quot;:{&quot;categoryLabel&quot;:&quot;sports&quot;} }">수납/정리소품</a></li>   <li><a href="/np/categories/328846" data-log-props="{ &quot;id&quot;:&quot;category_menu&quot;, &quot;param&quot;:{&quot;categoryLabel&quot;:&quot;sports&quot;} }">랜턴/조명</a></li>   <li><a href="/np/categories/328907" data-log-props="{ &quot;id&quot;:&quot;category_menu&quot;, &quot;param&quot;:{&quot;categoryLabel&quot;:&quot;sports&quot;} }">캠핑공구</a></li>  <li class="more-category"><a href="/np/categories/328790">더보기</a></li>     </ul></div></li>     <li class="second-depth-list"><a href="/np/categories/413812" data-log-props="{ &quot;id&quot;:&quot;category_menu&quot;, &quot;param&quot;:{&quot;categoryLabel&quot;:&quot;sports&quot;} }">홈트레이닝 <i class="depth-select-icon"></i></a><div class="third-depth-list"><ul>  <li><a href="/np/categories/413813" data-log-props="{ &quot;id&quot;:&quot;category_menu&quot;, &quot;param&quot;:{&quot;categoryLabel&quot;:&quot;sports&quot;} }">스트레칭/마사지</a></li>   <li><a href="/np/categories/413821" data-log-props="{ &quot;id&quot;:&quot;category_menu&quot;, &quot;param&quot;:{&quot;categoryLabel&quot;:&quot;sports&quot;} }">유산소</a></li>   <li><a href="/np/categories/413828" data-log-props="{ &quot;id&quot;:&quot;category_menu&quot;, &quot;param&quot;:{&quot;categoryLabel&quot;:&quot;sports&quot;} }">근력</a></li>   <li><a href="/np/categories/413837" data-log-props="{ &quot;id&quot;:&quot;category_menu&quot;, &quot;param&quot;:{&quot;categoryLabel&quot;:&quot;sports&quot;} }">보호대/체중계</a></li> </ul></div></li>     <li class="second-depth-list"><a href="/np/categories/329225" data-log-props="{ &quot;id&quot;:&quot;category_menu&quot;, &quot;param&quot;:{&quot;categoryLabel&quot;:&quot;sports&quot;} }">헬스/요가/댄스 <i class="depth-select-icon"></i></a><div class="third-depth-list"><ul>  <li><a href="/np/categories/329226" data-log-props="{ &quot;id&quot;:&quot;category_menu&quot;, &quot;param&quot;:{&quot;categoryLabel&quot;:&quot;sports&quot;} }">요가/필라테스</a></li>   <li><a href="/np/categories/329240" data-log-props="{ &quot;id&quot;:&quot;category_menu&quot;, &quot;param&quot;:{&quot;categoryLabel&quot;:&quot;sports&quot;} }">요가복</a></li>   <li><a href="/np/categories/329251" data-log-props="{ &quot;id&quot;:&quot;category_menu&quot;, &quot;param&quot;:{&quot;categoryLabel&quot;:&quot;sports&quot;} }">근력운동</a></li>   <li><a href="/np/categories/329279" data-log-props="{ &quot;id&quot;:&quot;category_menu&quot;, &quot;param&quot;:{&quot;categoryLabel&quot;:&quot;sports&quot;} }">유산소운동</a></li>   <li><a href="/np/categories/329294" data-log-props="{ &quot;id&quot;:&quot;category_menu&quot;, &quot;param&quot;:{&quot;categoryLabel&quot;:&quot;sports&quot;} }">스트레칭/균형</a></li>   <li><a href="/np/categories/329302" data-log-props="{ &quot;id&quot;:&quot;category_menu&quot;, &quot;param&quot;:{&quot;categoryLabel&quot;:&quot;sports&quot;} }">댄스/에어로빅</a></li>   <li><a href="/np/categories/329323" data-log-props="{ &quot;id&quot;:&quot;category_menu&quot;, &quot;param&quot;:{&quot;categoryLabel&quot;:&quot;sports&quot;} }">헬스소품/보호대</a></li>   <li><a href="/np/categories/329334" data-log-props="{ &quot;id&quot;:&quot;category_menu&quot;, &quot;param&quot;:{&quot;categoryLabel&quot;:&quot;sports&quot;} }">운동측정용품</a></li>   <li><a href="/np/categories/376475" data-log-props="{ &quot;id&quot;:&quot;category_menu&quot;, &quot;param&quot;:{&quot;categoryLabel&quot;:&quot;sports&quot;} }">부위별 운동용품</a></li>   <li><a href="/np/categories/427699" data-log-props="{ &quot;id&quot;:&quot;category_menu&quot;, &quot;param&quot;:{&quot;categoryLabel&quot;:&quot;sports&quot;} }">헬스보충식품</a></li> </ul></div></li>     <li class="second-depth-list"><a href="/np/categories/421032" data-log-props="{ &quot;id&quot;:&quot;category_menu&quot;, &quot;param&quot;:{&quot;categoryLabel&quot;:&quot;sports&quot;} }">수영/수상스포츠 <i class="depth-select-icon"></i></a><div class="third-depth-list"><ul>  <li><a href="/np/categories/421033" data-log-props="{ &quot;id&quot;:&quot;category_menu&quot;, &quot;param&quot;:{&quot;categoryLabel&quot;:&quot;sports&quot;} }">실내 수영복</a></li>   <li><a href="/np/categories/421045" data-log-props="{ &quot;id&quot;:&quot;category_menu&quot;, &quot;param&quot;:{&quot;categoryLabel&quot;:&quot;sports&quot;} }">비치웨어/래쉬가드</a></li>   <li><a href="/np/categories/421070" data-log-props="{ &quot;id&quot;:&quot;category_menu&quot;, &quot;param&quot;:{&quot;categoryLabel&quot;:&quot;sports&quot;} }">수영용품</a></li>   <li><a href="/np/categories/421087" data-log-props="{ &quot;id&quot;:&quot;category_menu&quot;, &quot;param&quot;:{&quot;categoryLabel&quot;:&quot;sports&quot;} }">물놀이용품</a></li>   <li><a href="/np/categories/421110" data-log-props="{ &quot;id&quot;:&quot;category_menu&quot;, &quot;param&quot;:{&quot;categoryLabel&quot;:&quot;sports&quot;} }">아쿠아슈즈</a></li>   <li><a href="/np/categories/421113" data-log-props="{ &quot;id&quot;:&quot;category_menu&quot;, &quot;param&quot;:{&quot;categoryLabel&quot;:&quot;sports&quot;} }">스노클링/다이빙</a></li>   <li><a href="/np/categories/421136" data-log-props="{ &quot;id&quot;:&quot;category_menu&quot;, &quot;param&quot;:{&quot;categoryLabel&quot;:&quot;sports&quot;} }">서핑/수상스키</a></li>   <li><a href="/np/categories/421143" data-log-props="{ &quot;id&quot;:&quot;category_menu&quot;, &quot;param&quot;:{&quot;categoryLabel&quot;:&quot;sports&quot;} }">고무보트/카누</a></li> </ul></div></li>     <li class="second-depth-list"><a href="/np/categories/329515" data-log-props="{ &quot;id&quot;:&quot;category_menu&quot;, &quot;param&quot;:{&quot;categoryLabel&quot;:&quot;sports&quot;} }">구기스포츠 <i class="depth-select-icon"></i></a><div class="third-depth-list"><ul>  <li><a href="/np/categories/329516" data-log-props="{ &quot;id&quot;:&quot;category_menu&quot;, &quot;param&quot;:{&quot;categoryLabel&quot;:&quot;sports&quot;} }">축구</a></li>   <li><a href="/np/categories/329546" data-log-props="{ &quot;id&quot;:&quot;category_menu&quot;, &quot;param&quot;:{&quot;categoryLabel&quot;:&quot;sports&quot;} }">야구</a></li>   <li><a href="/np/categories/329582" data-log-props="{ &quot;id&quot;:&quot;category_menu&quot;, &quot;param&quot;:{&quot;categoryLabel&quot;:&quot;sports&quot;} }">농구</a></li>   <li><a href="/np/categories/329597" data-log-props="{ &quot;id&quot;:&quot;category_menu&quot;, &quot;param&quot;:{&quot;categoryLabel&quot;:&quot;sports&quot;} }">배구/피구/족구</a></li>   <li><a href="/np/categories/329614" data-log-props="{ &quot;id&quot;:&quot;category_menu&quot;, &quot;param&quot;:{&quot;categoryLabel&quot;:&quot;sports&quot;} }">볼링</a></li>   <li><a href="/np/categories/329625" data-log-props="{ &quot;id&quot;:&quot;category_menu&quot;, &quot;param&quot;:{&quot;categoryLabel&quot;:&quot;sports&quot;} }">당구/포켓볼</a></li>   <li><a href="/np/categories/329690" data-log-props="{ &quot;id&quot;:&quot;category_menu&quot;, &quot;param&quot;:{&quot;categoryLabel&quot;:&quot;sports&quot;} }">기타 구기스포츠</a></li>   <li><a href="/np/categories/405207" data-log-props="{ &quot;id&quot;:&quot;category_menu&quot;, &quot;param&quot;:{&quot;categoryLabel&quot;:&quot;sports&quot;} }">훈련/연습용품</a></li>   <li><a href="/np/categories/329712" data-log-props="{ &quot;id&quot;:&quot;category_menu&quot;, &quot;param&quot;:{&quot;categoryLabel&quot;:&quot;sports&quot;} }">심판의류/용품</a></li> </ul></div></li>     <li class="second-depth-list"><a href="/np/categories/400957" data-log-props="{ &quot;id&quot;:&quot;category_menu&quot;, &quot;param&quot;:{&quot;categoryLabel&quot;:&quot;sports&quot;} }">라켓스포츠 <i class="depth-select-icon"></i></a><div class="third-depth-list"><ul>  <li><a href="/np/categories/400958" data-log-props="{ &quot;id&quot;:&quot;category_menu&quot;, &quot;param&quot;:{&quot;categoryLabel&quot;:&quot;sports&quot;} }">배드민턴</a></li>   <li><a href="/np/categories/400971" data-log-props="{ &quot;id&quot;:&quot;category_menu&quot;, &quot;param&quot;:{&quot;categoryLabel&quot;:&quot;sports&quot;} }">테니스</a></li>   <li><a href="/np/categories/400989" data-log-props="{ &quot;id&quot;:&quot;category_menu&quot;, &quot;param&quot;:{&quot;categoryLabel&quot;:&quot;sports&quot;} }">스쿼시</a></li>   <li><a href="/np/categories/400996" data-log-props="{ &quot;id&quot;:&quot;category_menu&quot;, &quot;param&quot;:{&quot;categoryLabel&quot;:&quot;sports&quot;} }">탁구</a></li>   <li><a href="/np/categories/401013" data-log-props="{ &quot;id&quot;:&quot;category_menu&quot;, &quot;param&quot;:{&quot;categoryLabel&quot;:&quot;sports&quot;} }">기타 라켓스포츠</a></li>   <li><a href="/np/categories/401014" data-log-props="{ &quot;id&quot;:&quot;category_menu&quot;, &quot;param&quot;:{&quot;categoryLabel&quot;:&quot;sports&quot;} }">훈련/연습용품</a></li>   <li><a href="/np/categories/401018" data-log-props="{ &quot;id&quot;:&quot;category_menu&quot;, &quot;param&quot;:{&quot;categoryLabel&quot;:&quot;sports&quot;} }">심판의류/용품</a></li> </ul></div></li>     <li class="second-depth-list"><a href="/np/categories/329040" data-log-props="{ &quot;id&quot;:&quot;category_menu&quot;, &quot;param&quot;:{&quot;categoryLabel&quot;:&quot;sports&quot;} }">자전거 <i class="depth-select-icon"></i></a><div class="third-depth-list"><ul>  <li><a href="/np/categories/396896" data-log-props="{ &quot;id&quot;:&quot;category_menu&quot;, &quot;param&quot;:{&quot;categoryLabel&quot;:&quot;sports&quot;} }">자전거</a></li>   <li><a href="/np/categories/329058" data-log-props="{ &quot;id&quot;:&quot;category_menu&quot;, &quot;param&quot;:{&quot;categoryLabel&quot;:&quot;sports&quot;} }">보호장비</a></li>   <li><a href="/np/categories/329063" data-log-props="{ &quot;id&quot;:&quot;category_menu&quot;, &quot;param&quot;:{&quot;categoryLabel&quot;:&quot;sports&quot;} }">자전거 악세서리</a></li>   <li><a href="/np/categories/329132" data-log-props="{ &quot;id&quot;:&quot;category_menu&quot;, &quot;param&quot;:{&quot;categoryLabel&quot;:&quot;sports&quot;} }">자전거부품</a></li>   <li><a href="/np/categories/396912" data-log-props="{ &quot;id&quot;:&quot;category_menu&quot;, &quot;param&quot;:{&quot;categoryLabel&quot;:&quot;sports&quot;} }">자전거의류</a></li>   <li><a href="/np/categories/329122" data-log-props="{ &quot;id&quot;:&quot;category_menu&quot;, &quot;param&quot;:{&quot;categoryLabel&quot;:&quot;sports&quot;} }">자전거장갑/잡화</a></li>   <li><a href="/np/categories/329111" data-log-props="{ &quot;id&quot;:&quot;category_menu&quot;, &quot;param&quot;:{&quot;categoryLabel&quot;:&quot;sports&quot;} }">자전거가방/수납</a></li>   <li><a href="/np/categories/329105" data-log-props="{ &quot;id&quot;:&quot;category_menu&quot;, &quot;param&quot;:{&quot;categoryLabel&quot;:&quot;sports&quot;} }">자전거신발</a></li>   <li><a href="/np/categories/329183" data-log-props="{ &quot;id&quot;:&quot;category_menu&quot;, &quot;param&quot;:{&quot;categoryLabel&quot;:&quot;sports&quot;} }">정비용품</a></li>   <li><a href="/np/categories/329176" data-log-props="{ &quot;id&quot;:&quot;category_menu&quot;, &quot;param&quot;:{&quot;categoryLabel&quot;:&quot;sports&quot;} }">거치대/트레이너</a></li> </ul></div></li>     <li class="second-depth-list"><a href="/np/categories/329189" data-log-props="{ &quot;id&quot;:&quot;category_menu&quot;, &quot;param&quot;:{&quot;categoryLabel&quot;:&quot;sports&quot;} }">킥보드/스케이트 <i class="depth-select-icon"></i></a><div class="third-depth-list"><ul>  <li><a href="/np/categories/329190" data-log-props="{ &quot;id&quot;:&quot;category_menu&quot;, &quot;param&quot;:{&quot;categoryLabel&quot;:&quot;sports&quot;} }">킥보드/트라이더</a></li>   <li><a href="/np/categories/329198" data-log-props="{ &quot;id&quot;:&quot;category_menu&quot;, &quot;param&quot;:{&quot;categoryLabel&quot;:&quot;sports&quot;} }">전동휠/보드</a></li>   <li><a href="/np/categories/329202" data-log-props="{ &quot;id&quot;:&quot;category_menu&quot;, &quot;param&quot;:{&quot;categoryLabel&quot;:&quot;sports&quot;} }">스케이트보드</a></li>   <li><a href="/np/categories/329215" data-log-props="{ &quot;id&quot;:&quot;category_menu&quot;, &quot;param&quot;:{&quot;categoryLabel&quot;:&quot;sports&quot;} }">인라인스케이트</a></li>   <li><a href="/np/categories/329222" data-log-props="{ &quot;id&quot;:&quot;category_menu&quot;, &quot;param&quot;:{&quot;categoryLabel&quot;:&quot;sports&quot;} }">보호장비</a></li> </ul></div></li>     <li class="second-depth-list"><a href="/np/categories/431783" data-log-props="{ &quot;id&quot;:&quot;category_menu&quot;, &quot;param&quot;:{&quot;categoryLabel&quot;:&quot;sports&quot;} }">등산/아웃도어 <i class="depth-select-icon"></i></a><div class="third-depth-list"><ul>  <li><a href="/np/categories/431784" data-log-props="{ &quot;id&quot;:&quot;category_menu&quot;, &quot;param&quot;:{&quot;categoryLabel&quot;:&quot;sports&quot;} }">남성등산의류</a></li>   <li><a href="/np/categories/431794" data-log-props="{ &quot;id&quot;:&quot;category_menu&quot;, &quot;param&quot;:{&quot;categoryLabel&quot;:&quot;sports&quot;} }">여성등산의류</a></li>   <li><a href="/np/categories/431806" data-log-props="{ &quot;id&quot;:&quot;category_menu&quot;, &quot;param&quot;:{&quot;categoryLabel&quot;:&quot;sports&quot;} }">유아동등산의류</a></li>   <li><a href="/np/categories/431811" data-log-props="{ &quot;id&quot;:&quot;category_menu&quot;, &quot;param&quot;:{&quot;categoryLabel&quot;:&quot;sports&quot;} }">등산배낭/소품</a></li>   <li><a href="/np/categories/431821" data-log-props="{ &quot;id&quot;:&quot;category_menu&quot;, &quot;param&quot;:{&quot;categoryLabel&quot;:&quot;sports&quot;} }">등산스틱</a></li>   <li><a href="/np/categories/431823" data-log-props="{ &quot;id&quot;:&quot;category_menu&quot;, &quot;param&quot;:{&quot;categoryLabel&quot;:&quot;sports&quot;} }">등산화/아이젠</a></li>   <li><a href="/np/categories/431920" data-log-props="{ &quot;id&quot;:&quot;category_menu&quot;, &quot;param&quot;:{&quot;categoryLabel&quot;:&quot;sports&quot;} }">등산모자/잡화</a></li>   <li><a href="/np/categories/431848" data-log-props="{ &quot;id&quot;:&quot;category_menu&quot;, &quot;param&quot;:{&quot;categoryLabel&quot;:&quot;sports&quot;} }">등산용품/랜턴</a></li>   <li><a href="/np/categories/431861" data-log-props="{ &quot;id&quot;:&quot;category_menu&quot;, &quot;param&quot;:{&quot;categoryLabel&quot;:&quot;sports&quot;} }">나침반/망원경</a></li>   <li><a href="/np/categories/431865" data-log-props="{ &quot;id&quot;:&quot;category_menu&quot;, &quot;param&quot;:{&quot;categoryLabel&quot;:&quot;sports&quot;} }">암벽/등반 장비</a></li>   <li><a href="/np/categories/431886" data-log-props="{ &quot;id&quot;:&quot;category_menu&quot;, &quot;param&quot;:{&quot;categoryLabel&quot;:&quot;sports&quot;} }">빙벽/겨울용품</a></li> </ul></div></li>     <li class="second-depth-list"><a href="/np/categories/329372" data-log-props="{ &quot;id&quot;:&quot;category_menu&quot;, &quot;param&quot;:{&quot;categoryLabel&quot;:&quot;sports&quot;} }">낚시 <i class="depth-select-icon"></i></a><div class="third-depth-list"><ul>  <li><a href="/np/categories/329373" data-log-props="{ &quot;id&quot;:&quot;category_menu&quot;, &quot;param&quot;:{&quot;categoryLabel&quot;:&quot;sports&quot;} }">바다낚시</a></li>   <li><a href="/np/categories/329399" data-log-props="{ &quot;id&quot;:&quot;category_menu&quot;, &quot;param&quot;:{&quot;categoryLabel&quot;:&quot;sports&quot;} }">민물낚시</a></li>   <li><a href="/np/categories/329425" data-log-props="{ &quot;id&quot;:&quot;category_menu&quot;, &quot;param&quot;:{&quot;categoryLabel&quot;:&quot;sports&quot;} }">낚싯대</a></li>   <li><a href="/np/categories/329434" data-log-props="{ &quot;id&quot;:&quot;category_menu&quot;, &quot;param&quot;:{&quot;categoryLabel&quot;:&quot;sports&quot;} }">낚시릴</a></li>   <li><a href="/np/categories/329444" data-log-props="{ &quot;id&quot;:&quot;category_menu&quot;, &quot;param&quot;:{&quot;categoryLabel&quot;:&quot;sports&quot;} }">줄/바늘/채비</a></li>   <li><a href="/np/categories/329455" data-log-props="{ &quot;id&quot;:&quot;category_menu&quot;, &quot;param&quot;:{&quot;categoryLabel&quot;:&quot;sports&quot;} }">미끼/떡밥/루어</a></li>   <li><a href="/np/categories/329463" data-log-props="{ &quot;id&quot;:&quot;category_menu&quot;, &quot;param&quot;:{&quot;categoryLabel&quot;:&quot;sports&quot;} }">낚시 가방/잡화</a></li>   <li><a href="/np/categories/329472" data-log-props="{ &quot;id&quot;:&quot;category_menu&quot;, &quot;param&quot;:{&quot;categoryLabel&quot;:&quot;sports&quot;} }">낚시복/장화</a></li>   <li><a href="/np/categories/329478" data-log-props="{ &quot;id&quot;:&quot;category_menu&quot;, &quot;param&quot;:{&quot;categoryLabel&quot;:&quot;sports&quot;} }">낚시장비/그물</a></li>   <li><a href="/np/categories/329494" data-log-props="{ &quot;id&quot;:&quot;category_menu&quot;, &quot;param&quot;:{&quot;categoryLabel&quot;:&quot;sports&quot;} }">낚시공구/소품</a></li>   <li><a href="/np/categories/329508" data-log-props="{ &quot;id&quot;:&quot;category_menu&quot;, &quot;param&quot;:{&quot;categoryLabel&quot;:&quot;sports&quot;} }">좌대/야외용품</a></li> </ul></div></li>     <li class="second-depth-list"><a href="/np/categories/328930" data-log-props="{ &quot;id&quot;:&quot;category_menu&quot;, &quot;param&quot;:{&quot;categoryLabel&quot;:&quot;sports&quot;} }">골프 <i class="depth-select-icon"></i></a><div class="third-depth-list"><ul>  <li><a href="/np/categories/328931" data-log-props="{ &quot;id&quot;:&quot;category_menu&quot;, &quot;param&quot;:{&quot;categoryLabel&quot;:&quot;sports&quot;} }">골프클럽</a></li>   <li><a href="/np/categories/328946" data-log-props="{ &quot;id&quot;:&quot;category_menu&quot;, &quot;param&quot;:{&quot;categoryLabel&quot;:&quot;sports&quot;} }">골프백</a></li>   <li><a href="/np/categories/328940" data-log-props="{ &quot;id&quot;:&quot;category_menu&quot;, &quot;param&quot;:{&quot;categoryLabel&quot;:&quot;sports&quot;} }">피팅/관리용품</a></li>   <li><a href="/np/categories/429690" data-log-props="{ &quot;id&quot;:&quot;category_menu&quot;, &quot;param&quot;:{&quot;categoryLabel&quot;:&quot;sports&quot;} }">골프웨어</a></li>   <li><a href="/np/categories/328995" data-log-props="{ &quot;id&quot;:&quot;category_menu&quot;, &quot;param&quot;:{&quot;categoryLabel&quot;:&quot;sports&quot;} }">골프장갑/잡화</a></li>   <li><a href="/np/categories/328990" data-log-props="{ &quot;id&quot;:&quot;category_menu&quot;, &quot;param&quot;:{&quot;categoryLabel&quot;:&quot;sports&quot;} }">골프화</a></li>   <li><a href="/np/categories/329012" data-log-props="{ &quot;id&quot;:&quot;category_menu&quot;, &quot;param&quot;:{&quot;categoryLabel&quot;:&quot;sports&quot;} }">골프공</a></li>   <li><a href="/np/categories/329013" data-log-props="{ &quot;id&quot;:&quot;category_menu&quot;, &quot;param&quot;:{&quot;categoryLabel&quot;:&quot;sports&quot;} }">필드용품</a></li>   <li><a href="/np/categories/329028" data-log-props="{ &quot;id&quot;:&quot;category_menu&quot;, &quot;param&quot;:{&quot;categoryLabel&quot;:&quot;sports&quot;} }">연습용품</a></li> </ul></div></li>     <li class="second-depth-list"><a href="/np/categories/328637" data-log-props="{ &quot;id&quot;:&quot;category_menu&quot;, &quot;param&quot;:{&quot;categoryLabel&quot;:&quot;sports&quot;} }">스포츠잡화 <i class="depth-select-icon"></i></a><div class="third-depth-list"><ul>  <li><a href="/np/categories/328638" data-log-props="{ &quot;id&quot;:&quot;category_menu&quot;, &quot;param&quot;:{&quot;categoryLabel&quot;:&quot;sports&quot;} }">가방/파우치</a></li>   <li><a href="/np/categories/328646" data-log-props="{ &quot;id&quot;:&quot;category_menu&quot;, &quot;param&quot;:{&quot;categoryLabel&quot;:&quot;sports&quot;} }">모자</a></li>   <li><a href="/np/categories/328647" data-log-props="{ &quot;id&quot;:&quot;category_menu&quot;, &quot;param&quot;:{&quot;categoryLabel&quot;:&quot;sports&quot;} }">고글/선글라스</a></li>   <li><a href="/np/categories/328648" data-log-props="{ &quot;id&quot;:&quot;category_menu&quot;, &quot;param&quot;:{&quot;categoryLabel&quot;:&quot;sports&quot;} }">장갑</a></li>   <li><a href="/np/categories/328649" data-log-props="{ &quot;id&quot;:&quot;category_menu&quot;, &quot;param&quot;:{&quot;categoryLabel&quot;:&quot;sports&quot;} }">양말/타이즈</a></li>   <li><a href="/np/categories/328650" data-log-props="{ &quot;id&quot;:&quot;category_menu&quot;, &quot;param&quot;:{&quot;categoryLabel&quot;:&quot;sports&quot;} }">팔토시/워머</a></li>   <li><a href="/np/categories/328651" data-log-props="{ &quot;id&quot;:&quot;category_menu&quot;, &quot;param&quot;:{&quot;categoryLabel&quot;:&quot;sports&quot;} }">스카프/넥워머</a></li>   <li><a href="/np/categories/328655" data-log-props="{ &quot;id&quot;:&quot;category_menu&quot;, &quot;param&quot;:{&quot;categoryLabel&quot;:&quot;sports&quot;} }">보호대/아대</a></li>   <li><a href="/np/categories/328658" data-log-props="{ &quot;id&quot;:&quot;category_menu&quot;, &quot;param&quot;:{&quot;categoryLabel&quot;:&quot;sports&quot;} }">시계</a></li>   <li><a href="/np/categories/328659" data-log-props="{ &quot;id&quot;:&quot;category_menu&quot;, &quot;param&quot;:{&quot;categoryLabel&quot;:&quot;sports&quot;} }">벨트</a></li>   <li><a href="/np/categories/328660" data-log-props="{ &quot;id&quot;:&quot;category_menu&quot;, &quot;param&quot;:{&quot;categoryLabel&quot;:&quot;sports&quot;} }">안전밴드</a></li>   <li><a href="/np/categories/328661" data-log-props="{ &quot;id&quot;:&quot;category_menu&quot;, &quot;param&quot;:{&quot;categoryLabel&quot;:&quot;sports&quot;} }">액세서리 기타</a></li> </ul></div></li>     <li class="second-depth-list"><a href="/np/categories/329726" data-log-props="{ &quot;id&quot;:&quot;category_menu&quot;, &quot;param&quot;:{&quot;categoryLabel&quot;:&quot;sports&quot;} }">복싱/검도/태권도 <i class="depth-select-icon"></i></a><div class="third-depth-list"><ul>  <li><a href="/np/categories/329741" data-log-props="{ &quot;id&quot;:&quot;category_menu&quot;, &quot;param&quot;:{&quot;categoryLabel&quot;:&quot;sports&quot;} }">복싱/격투기</a></li>   <li><a href="/np/categories/329727" data-log-props="{ &quot;id&quot;:&quot;category_menu&quot;, &quot;param&quot;:{&quot;categoryLabel&quot;:&quot;sports&quot;} }">검도</a></li>   <li><a href="/np/categories/329734" data-log-props="{ &quot;id&quot;:&quot;category_menu&quot;, &quot;param&quot;:{&quot;categoryLabel&quot;:&quot;sports&quot;} }">태권도</a></li>   <li><a href="/np/categories/329752" data-log-props="{ &quot;id&quot;:&quot;category_menu&quot;, &quot;param&quot;:{&quot;categoryLabel&quot;:&quot;sports&quot;} }">쌍절곤/기타무술</a></li> </ul></div></li>     <li class="second-depth-list"><a href="/np/categories/328601" data-log-props="{ &quot;id&quot;:&quot;category_menu&quot;, &quot;param&quot;:{&quot;categoryLabel&quot;:&quot;sports&quot;} }">스포츠신발 <i class="depth-select-icon"></i></a><div class="third-depth-list"><ul>  <li><a href="/np/categories/328602" data-log-props="{ &quot;id&quot;:&quot;category_menu&quot;, &quot;param&quot;:{&quot;categoryLabel&quot;:&quot;sports&quot;} }">런닝화/운동화</a></li>   <li><a href="/np/categories/328605" data-log-props="{ &quot;id&quot;:&quot;category_menu&quot;, &quot;param&quot;:{&quot;categoryLabel&quot;:&quot;sports&quot;} }">샌들/슬리퍼</a></li>   <li><a href="/np/categories/328608" data-log-props="{ &quot;id&quot;:&quot;category_menu&quot;, &quot;param&quot;:{&quot;categoryLabel&quot;:&quot;sports&quot;} }">아쿠아슈즈</a></li>   <li><a href="/np/categories/328609" data-log-props="{ &quot;id&quot;:&quot;category_menu&quot;, &quot;param&quot;:{&quot;categoryLabel&quot;:&quot;sports&quot;} }">등산화</a></li>   <li><a href="/np/categories/328615" data-log-props="{ &quot;id&quot;:&quot;category_menu&quot;, &quot;param&quot;:{&quot;categoryLabel&quot;:&quot;sports&quot;} }">골프화</a></li>   <li><a href="/np/categories/328616" data-log-props="{ &quot;id&quot;:&quot;category_menu&quot;, &quot;param&quot;:{&quot;categoryLabel&quot;:&quot;sports&quot;} }">축구화</a></li>   <li><a href="/np/categories/328617" data-log-props="{ &quot;id&quot;:&quot;category_menu&quot;, &quot;param&quot;:{&quot;categoryLabel&quot;:&quot;sports&quot;} }">야구화</a></li>   <li><a href="/np/categories/328618" data-log-props="{ &quot;id&quot;:&quot;category_menu&quot;, &quot;param&quot;:{&quot;categoryLabel&quot;:&quot;sports&quot;} }">농구화</a></li>   <li><a href="/np/categories/328619" data-log-props="{ &quot;id&quot;:&quot;category_menu&quot;, &quot;param&quot;:{&quot;categoryLabel&quot;:&quot;sports&quot;} }">배구화</a></li>   <li><a href="/np/categories/328620" data-log-props="{ &quot;id&quot;:&quot;category_menu&quot;, &quot;param&quot;:{&quot;categoryLabel&quot;:&quot;sports&quot;} }">족구화</a></li>   <li><a href="/np/categories/328621" data-log-props="{ &quot;id&quot;:&quot;category_menu&quot;, &quot;param&quot;:{&quot;categoryLabel&quot;:&quot;sports&quot;} }">볼링화</a></li>   <li><a href="/np/categories/328622" data-log-props="{ &quot;id&quot;:&quot;category_menu&quot;, &quot;param&quot;:{&quot;categoryLabel&quot;:&quot;sports&quot;} }">배드민턴화</a></li>   <li><a href="/np/categories/328623" data-log-props="{ &quot;id&quot;:&quot;category_menu&quot;, &quot;param&quot;:{&quot;categoryLabel&quot;:&quot;sports&quot;} }">테니스화</a></li>  <li class="more-category"><a href="/np/categories/328601">더보기</a></li>           </ul></div></li>     <li class="second-depth-list"><a href="/np/categories/328339" data-log-props="{ &quot;id&quot;:&quot;category_menu&quot;, &quot;param&quot;:{&quot;categoryLabel&quot;:&quot;sports&quot;} }">남성스포츠의류 <i class="depth-select-icon"></i></a><div class="third-depth-list"><ul>  <li><a href="/np/categories/328340" data-log-props="{ &quot;id&quot;:&quot;category_menu&quot;, &quot;param&quot;:{&quot;categoryLabel&quot;:&quot;sports&quot;} }">속옷/언더레이어</a></li>   <li><a href="/np/categories/328343" data-log-props="{ &quot;id&quot;:&quot;category_menu&quot;, &quot;param&quot;:{&quot;categoryLabel&quot;:&quot;sports&quot;} }">스포츠 티셔츠</a></li>   <li><a href="/np/categories/328346" data-log-props="{ &quot;id&quot;:&quot;category_menu&quot;, &quot;param&quot;:{&quot;categoryLabel&quot;:&quot;sports&quot;} }">스포츠 자켓/집업</a></li>   <li><a href="/np/categories/328352" data-log-props="{ &quot;id&quot;:&quot;category_menu&quot;, &quot;param&quot;:{&quot;categoryLabel&quot;:&quot;sports&quot;} }">스포츠 바지/하의</a></li>   <li><a href="/np/categories/328355" data-log-props="{ &quot;id&quot;:&quot;category_menu&quot;, &quot;param&quot;:{&quot;categoryLabel&quot;:&quot;sports&quot;} }">상하의 세트</a></li>   <li><a href="/np/categories/328356" data-log-props="{ &quot;id&quot;:&quot;category_menu&quot;, &quot;param&quot;:{&quot;categoryLabel&quot;:&quot;sports&quot;} }">골프의류</a></li>   <li><a href="/np/categories/328365" data-log-props="{ &quot;id&quot;:&quot;category_menu&quot;, &quot;param&quot;:{&quot;categoryLabel&quot;:&quot;sports&quot;} }">등산의류</a></li>   <li><a href="/np/categories/328375" data-log-props="{ &quot;id&quot;:&quot;category_menu&quot;, &quot;param&quot;:{&quot;categoryLabel&quot;:&quot;sports&quot;} }">자전거의류</a></li>   <li><a href="/np/categories/328384" data-log-props="{ &quot;id&quot;:&quot;category_menu&quot;, &quot;param&quot;:{&quot;categoryLabel&quot;:&quot;sports&quot;} }">수영복/래쉬가드</a></li>   <li><a href="/np/categories/328393" data-log-props="{ &quot;id&quot;:&quot;category_menu&quot;, &quot;param&quot;:{&quot;categoryLabel&quot;:&quot;sports&quot;} }">스키/보드복</a></li>   <li><a href="/np/categories/328402" data-log-props="{ &quot;id&quot;:&quot;category_menu&quot;, &quot;param&quot;:{&quot;categoryLabel&quot;:&quot;sports&quot;} }">축구복</a></li>   <li><a href="/np/categories/328409" data-log-props="{ &quot;id&quot;:&quot;category_menu&quot;, &quot;param&quot;:{&quot;categoryLabel&quot;:&quot;sports&quot;} }">야구복</a></li>   <li><a href="/np/categories/328415" data-log-props="{ &quot;id&quot;:&quot;category_menu&quot;, &quot;param&quot;:{&quot;categoryLabel&quot;:&quot;sports&quot;} }">배드민턴복</a></li>  <li class="more-category"><a href="/np/categories/328339">더보기</a></li>           </ul></div></li>     <li class="second-depth-list"><a href="/np/categories/328435" data-log-props="{ &quot;id&quot;:&quot;category_menu&quot;, &quot;param&quot;:{&quot;categoryLabel&quot;:&quot;sports&quot;} }">여성스포츠의류 <i class="depth-select-icon"></i></a><div class="third-depth-list"><ul>  <li><a href="/np/categories/328436" data-log-props="{ &quot;id&quot;:&quot;category_menu&quot;, &quot;param&quot;:{&quot;categoryLabel&quot;:&quot;sports&quot;} }">속옷/언더레이어</a></li>   <li><a href="/np/categories/328440" data-log-props="{ &quot;id&quot;:&quot;category_menu&quot;, &quot;param&quot;:{&quot;categoryLabel&quot;:&quot;sports&quot;} }">스포츠 티셔츠</a></li>   <li><a href="/np/categories/328443" data-log-props="{ &quot;id&quot;:&quot;category_menu&quot;, &quot;param&quot;:{&quot;categoryLabel&quot;:&quot;sports&quot;} }">스포츠 자켓/집업</a></li>   <li><a href="/np/categories/328449" data-log-props="{ &quot;id&quot;:&quot;category_menu&quot;, &quot;param&quot;:{&quot;categoryLabel&quot;:&quot;sports&quot;} }">스포츠 바지/하의</a></li>   <li><a href="/np/categories/328454" data-log-props="{ &quot;id&quot;:&quot;category_menu&quot;, &quot;param&quot;:{&quot;categoryLabel&quot;:&quot;sports&quot;} }">상하의 세트</a></li>   <li><a href="/np/categories/328455" data-log-props="{ &quot;id&quot;:&quot;category_menu&quot;, &quot;param&quot;:{&quot;categoryLabel&quot;:&quot;sports&quot;} }">요가복</a></li>   <li><a href="/np/categories/328463" data-log-props="{ &quot;id&quot;:&quot;category_menu&quot;, &quot;param&quot;:{&quot;categoryLabel&quot;:&quot;sports&quot;} }">골프의류</a></li>   <li><a href="/np/categories/328474" data-log-props="{ &quot;id&quot;:&quot;category_menu&quot;, &quot;param&quot;:{&quot;categoryLabel&quot;:&quot;sports&quot;} }">등산의류</a></li>   <li><a href="/np/categories/328486" data-log-props="{ &quot;id&quot;:&quot;category_menu&quot;, &quot;param&quot;:{&quot;categoryLabel&quot;:&quot;sports&quot;} }">자전거의류</a></li>   <li><a href="/np/categories/328495" data-log-props="{ &quot;id&quot;:&quot;category_menu&quot;, &quot;param&quot;:{&quot;categoryLabel&quot;:&quot;sports&quot;} }">수영복/래쉬가드</a></li>   <li><a href="/np/categories/328505" data-log-props="{ &quot;id&quot;:&quot;category_menu&quot;, &quot;param&quot;:{&quot;categoryLabel&quot;:&quot;sports&quot;} }">스키/보드복</a></li>   <li><a href="/np/categories/328514" data-log-props="{ &quot;id&quot;:&quot;category_menu&quot;, &quot;param&quot;:{&quot;categoryLabel&quot;:&quot;sports&quot;} }">발레복</a></li>   <li><a href="/np/categories/328515" data-log-props="{ &quot;id&quot;:&quot;category_menu&quot;, &quot;param&quot;:{&quot;categoryLabel&quot;:&quot;sports&quot;} }">배드민턴</a></li>  <li class="more-category"><a href="/np/categories/328435">더보기</a></li>                 </ul></div></li>    <li class="second-depth-list more-category"><a href="/np/categories/317778">더보기</a></li>             </ul>
<span class="gnb-banner" style="background: #FFF">
<a class="category-banner-button" href="https://pages.coupang.com/p/141957" title="스포츠/레저" data-log-props="{ &quot;id&quot;:&quot;category_menu_banner&quot;, &quot;param&quot;:{&quot;categoryLabel&quot;:&quot;sports&quot;} }">스포츠/레저</a>
		<img alt="스포츠/레저" data-banner-src="//image6.coupangcdn.com/image/displayitem/displayitem_3114b0ad-d21e-4813-8550-63d53db482bb.jpg" class="category-banner-image">
</span>

</div></div></li>







        <li class="car"><a href="/np/categories/184060" class="first-depth" data-log-props="{ &quot;id&quot;:&quot;category_menu&quot;, &quot;param&quot;:{&quot;categoryLabel&quot;:&quot;car&quot;} }">자동차용품<i class="select-icon"></i></a><div class="depth"><div class="depth-list banner third"><ul>   <li class="second-depth-list"><a href="/np/categories/401027" data-log-props="{ &quot;id&quot;:&quot;category_menu&quot;, &quot;param&quot;:{&quot;categoryLabel&quot;:&quot;car&quot;} }">인테리어 <i class="depth-select-icon"></i></a><div class="third-depth-list"><ul>  <li><a href="/np/categories/401028" data-log-props="{ &quot;id&quot;:&quot;category_menu&quot;, &quot;param&quot;:{&quot;categoryLabel&quot;:&quot;car&quot;} }">방향제/공기청정</a></li>   <li><a href="/np/categories/497870" data-log-props="{ &quot;id&quot;:&quot;category_menu&quot;, &quot;param&quot;:{&quot;categoryLabel&quot;:&quot;car&quot;} }">바닥매트/트렁크매트</a></li>   <li><a href="/np/categories/401035" data-log-props="{ &quot;id&quot;:&quot;category_menu&quot;, &quot;param&quot;:{&quot;categoryLabel&quot;:&quot;car&quot;} }">시트/쿠션</a></li>   <li><a href="/np/categories/497873" data-log-props="{ &quot;id&quot;:&quot;category_menu&quot;, &quot;param&quot;:{&quot;categoryLabel&quot;:&quot;car&quot;} }">차박매트</a></li>   <li><a href="/np/categories/401045" data-log-props="{ &quot;id&quot;:&quot;category_menu&quot;, &quot;param&quot;:{&quot;categoryLabel&quot;:&quot;car&quot;} }">핸들용품</a></li>   <li><a href="/np/categories/497877" data-log-props="{ &quot;id&quot;:&quot;category_menu&quot;, &quot;param&quot;:{&quot;categoryLabel&quot;:&quot;car&quot;} }">커버/몰딩</a></li>   <li><a href="/np/categories/401049" data-log-props="{ &quot;id&quot;:&quot;category_menu&quot;, &quot;param&quot;:{&quot;categoryLabel&quot;:&quot;car&quot;} }">수납/정리용품</a></li>   <li><a href="/np/categories/486490" data-log-props="{ &quot;id&quot;:&quot;category_menu&quot;, &quot;param&quot;:{&quot;categoryLabel&quot;:&quot;car&quot;} }">편의용품/액세서리</a></li>   <li><a href="/np/categories/503231" data-log-props="{ &quot;id&quot;:&quot;category_menu&quot;, &quot;param&quot;:{&quot;categoryLabel&quot;:&quot;car&quot;} }">햇빛가리개/썬팅</a></li>   <li><a href="/np/categories/564372" data-log-props="{ &quot;id&quot;:&quot;category_menu&quot;, &quot;param&quot;:{&quot;categoryLabel&quot;:&quot;car&quot;} }">기어용품</a></li> </ul></div></li>     <li class="second-depth-list"><a href="/np/categories/401098" data-log-props="{ &quot;id&quot;:&quot;category_menu&quot;, &quot;param&quot;:{&quot;categoryLabel&quot;:&quot;car&quot;} }">익스테리어 <i class="depth-select-icon"></i></a><div class="third-depth-list"><ul>  <li><a href="/np/categories/401103" data-log-props="{ &quot;id&quot;:&quot;category_menu&quot;, &quot;param&quot;:{&quot;categoryLabel&quot;:&quot;car&quot;} }">스티커/앰블럼</a></li>   <li><a href="/np/categories/401106" data-log-props="{ &quot;id&quot;:&quot;category_menu&quot;, &quot;param&quot;:{&quot;categoryLabel&quot;:&quot;car&quot;} }">문콕방지/몰딩</a></li>   <li><a href="/np/categories/401115" data-log-props="{ &quot;id&quot;:&quot;category_menu&quot;, &quot;param&quot;:{&quot;categoryLabel&quot;:&quot;car&quot;} }">썬바이저</a></li>   <li><a href="/np/categories/401123" data-log-props="{ &quot;id&quot;:&quot;category_menu&quot;, &quot;param&quot;:{&quot;categoryLabel&quot;:&quot;car&quot;} }">번호판스티커/프레임</a></li>   <li><a href="/np/categories/401120" data-log-props="{ &quot;id&quot;:&quot;category_menu&quot;, &quot;param&quot;:{&quot;categoryLabel&quot;:&quot;car&quot;} }">안테나/볼</a></li>   <li><a href="/np/categories/401117" data-log-props="{ &quot;id&quot;:&quot;category_menu&quot;, &quot;param&quot;:{&quot;categoryLabel&quot;:&quot;car&quot;} }">루프/캐리어용품</a></li>   <li><a href="/np/categories/503239" data-log-props="{ &quot;id&quot;:&quot;category_menu&quot;, &quot;param&quot;:{&quot;categoryLabel&quot;:&quot;car&quot;} }">미러용품</a></li>   <li><a href="/np/categories/503240" data-log-props="{ &quot;id&quot;:&quot;category_menu&quot;, &quot;param&quot;:{&quot;categoryLabel&quot;:&quot;car&quot;} }">주유구캡/혼유방지링</a></li> </ul></div></li>     <li class="second-depth-list"><a href="/np/categories/401394" data-log-props="{ &quot;id&quot;:&quot;category_menu&quot;, &quot;param&quot;:{&quot;categoryLabel&quot;:&quot;car&quot;} }">세차/카케어 <i class="depth-select-icon"></i></a><div class="third-depth-list"><ul>  <li><a href="/np/categories/401395" data-log-props="{ &quot;id&quot;:&quot;category_menu&quot;, &quot;param&quot;:{&quot;categoryLabel&quot;:&quot;car&quot;} }">세차용품세트</a></li>   <li><a href="/np/categories/401396" data-log-props="{ &quot;id&quot;:&quot;category_menu&quot;, &quot;param&quot;:{&quot;categoryLabel&quot;:&quot;car&quot;} }">카샴푸/세정제</a></li>   <li><a href="/np/categories/401401" data-log-props="{ &quot;id&quot;:&quot;category_menu&quot;, &quot;param&quot;:{&quot;categoryLabel&quot;:&quot;car&quot;} }">타월/스펀지</a></li>   <li><a href="/np/categories/401413" data-log-props="{ &quot;id&quot;:&quot;category_menu&quot;, &quot;param&quot;:{&quot;categoryLabel&quot;:&quot;car&quot;} }">세차호스/거품분사기</a></li>   <li><a href="/np/categories/401416" data-log-props="{ &quot;id&quot;:&quot;category_menu&quot;, &quot;param&quot;:{&quot;categoryLabel&quot;:&quot;car&quot;} }">세차박스/스텝박스</a></li>   <li><a href="/np/categories/401412" data-log-props="{ &quot;id&quot;:&quot;category_menu&quot;, &quot;param&quot;:{&quot;categoryLabel&quot;:&quot;car&quot;} }">물왁스/퀵디테일러</a></li>   <li><a href="/np/categories/401410" data-log-props="{ &quot;id&quot;:&quot;category_menu&quot;, &quot;param&quot;:{&quot;categoryLabel&quot;:&quot;car&quot;} }">차량용청소기</a></li>   <li><a href="/np/categories/401406" data-log-props="{ &quot;id&quot;:&quot;category_menu&quot;, &quot;param&quot;:{&quot;categoryLabel&quot;:&quot;car&quot;} }">먼지털이개</a></li>   <li><a href="/np/categories/503250" data-log-props="{ &quot;id&quot;:&quot;category_menu&quot;, &quot;param&quot;:{&quot;categoryLabel&quot;:&quot;car&quot;} }">유리발수코팅제</a></li>   <li><a href="/np/categories/503251" data-log-props="{ &quot;id&quot;:&quot;category_menu&quot;, &quot;param&quot;:{&quot;categoryLabel&quot;:&quot;car&quot;} }">실내세정제</a></li>   <li><a href="/np/categories/503252" data-log-props="{ &quot;id&quot;:&quot;category_menu&quot;, &quot;param&quot;:{&quot;categoryLabel&quot;:&quot;car&quot;} }">흠집제거/복원</a></li>   <li><a href="/np/categories/503260" data-log-props="{ &quot;id&quot;:&quot;category_menu&quot;, &quot;param&quot;:{&quot;categoryLabel&quot;:&quot;car&quot;} }">광택</a></li>   <li><a href="/np/categories/503267" data-log-props="{ &quot;id&quot;:&quot;category_menu&quot;, &quot;param&quot;:{&quot;categoryLabel&quot;:&quot;car&quot;} }">바디커버</a></li>  <li class="more-category"><a href="/np/categories/401394">더보기</a></li>     </ul></div></li>     <li class="second-depth-list"><a href="/np/categories/401207" data-log-props="{ &quot;id&quot;:&quot;category_menu&quot;, &quot;param&quot;:{&quot;categoryLabel&quot;:&quot;car&quot;} }">차량용 전자기기 <i class="depth-select-icon"></i></a><div class="third-depth-list"><ul>  <li><a href="/np/categories/503299" data-log-props="{ &quot;id&quot;:&quot;category_menu&quot;, &quot;param&quot;:{&quot;categoryLabel&quot;:&quot;car&quot;} }">HUD/계기판</a></li>   <li><a href="/np/categories/497774" data-log-props="{ &quot;id&quot;:&quot;category_menu&quot;, &quot;param&quot;:{&quot;categoryLabel&quot;:&quot;car&quot;} }">무선충전 거치대</a></li>   <li><a href="/np/categories/497775" data-log-props="{ &quot;id&quot;:&quot;category_menu&quot;, &quot;param&quot;:{&quot;categoryLabel&quot;:&quot;car&quot;} }">일반거치대</a></li>   <li><a href="/np/categories/401212" data-log-props="{ &quot;id&quot;:&quot;category_menu&quot;, &quot;param&quot;:{&quot;categoryLabel&quot;:&quot;car&quot;} }">차량용충전기</a></li>   <li><a href="/np/categories/401225" data-log-props="{ &quot;id&quot;:&quot;category_menu&quot;, &quot;param&quot;:{&quot;categoryLabel&quot;:&quot;car&quot;} }">멀티소켓</a></li>   <li><a href="/np/categories/401214" data-log-props="{ &quot;id&quot;:&quot;category_menu&quot;, &quot;param&quot;:{&quot;categoryLabel&quot;:&quot;car&quot;} }">블랙박스</a></li>   <li><a href="/np/categories/401217" data-log-props="{ &quot;id&quot;:&quot;category_menu&quot;, &quot;param&quot;:{&quot;categoryLabel&quot;:&quot;car&quot;} }">하이패스</a></li>   <li><a href="/np/categories/401220" data-log-props="{ &quot;id&quot;:&quot;category_menu&quot;, &quot;param&quot;:{&quot;categoryLabel&quot;:&quot;car&quot;} }">내비게이션</a></li>   <li><a href="/np/categories/401226" data-log-props="{ &quot;id&quot;:&quot;category_menu&quot;, &quot;param&quot;:{&quot;categoryLabel&quot;:&quot;car&quot;} }">후방카메라/감지기</a></li>   <li><a href="/np/categories/401229" data-log-props="{ &quot;id&quot;:&quot;category_menu&quot;, &quot;param&quot;:{&quot;categoryLabel&quot;:&quot;car&quot;} }">음향기기/AV</a></li>   <li><a href="/np/categories/487217" data-log-props="{ &quot;id&quot;:&quot;category_menu&quot;, &quot;param&quot;:{&quot;categoryLabel&quot;:&quot;car&quot;} }">차량용가전</a></li>   <li><a href="/np/categories/510523" data-log-props="{ &quot;id&quot;:&quot;category_menu&quot;, &quot;param&quot;:{&quot;categoryLabel&quot;:&quot;car&quot;} }">전기차 충전기/악세서리</a></li>   <li><a href="/np/categories/564318" data-log-props="{ &quot;id&quot;:&quot;category_menu&quot;, &quot;param&quot;:{&quot;categoryLabel&quot;:&quot;car&quot;} }">카플레이/안드로이드오토</a></li> </ul></div></li>     <li class="second-depth-list"><a href="/np/categories/503300" data-log-props="{ &quot;id&quot;:&quot;category_menu&quot;, &quot;param&quot;:{&quot;categoryLabel&quot;:&quot;car&quot;} }">RV/아웃도어 <i class="depth-select-icon"></i></a><div class="third-depth-list"><ul>  <li><a href="/np/categories/503301" data-log-props="{ &quot;id&quot;:&quot;category_menu&quot;, &quot;param&quot;:{&quot;categoryLabel&quot;:&quot;car&quot;} }">캠핑용품</a></li>   <li><a href="/np/categories/503306" data-log-props="{ &quot;id&quot;:&quot;category_menu&quot;, &quot;param&quot;:{&quot;categoryLabel&quot;:&quot;car&quot;} }">차박매트</a></li>   <li><a href="/np/categories/503307" data-log-props="{ &quot;id&quot;:&quot;category_menu&quot;, &quot;param&quot;:{&quot;categoryLabel&quot;:&quot;car&quot;} }">인버터/멀티소켓</a></li>   <li><a href="/np/categories/503310" data-log-props="{ &quot;id&quot;:&quot;category_menu&quot;, &quot;param&quot;:{&quot;categoryLabel&quot;:&quot;car&quot;} }">루프/캐리어용품</a></li> </ul></div></li>     <li class="second-depth-list"><a href="/np/categories/486447" data-log-props="{ &quot;id&quot;:&quot;category_menu&quot;, &quot;param&quot;:{&quot;categoryLabel&quot;:&quot;car&quot;} }">차량관리/소모품 <i class="depth-select-icon"></i></a><div class="third-depth-list"><ul>  <li><a href="/np/categories/503246" data-log-props="{ &quot;id&quot;:&quot;category_menu&quot;, &quot;param&quot;:{&quot;categoryLabel&quot;:&quot;car&quot;} }">와이퍼</a></li>   <li><a href="/np/categories/486448" data-log-props="{ &quot;id&quot;:&quot;category_menu&quot;, &quot;param&quot;:{&quot;categoryLabel&quot;:&quot;car&quot;} }">워셔액</a></li>   <li><a href="/np/categories/486449" data-log-props="{ &quot;id&quot;:&quot;category_menu&quot;, &quot;param&quot;:{&quot;categoryLabel&quot;:&quot;car&quot;} }">에어컨필터</a></li>   <li><a href="/np/categories/497749" data-log-props="{ &quot;id&quot;:&quot;category_menu&quot;, &quot;param&quot;:{&quot;categoryLabel&quot;:&quot;car&quot;} }">엔진오일</a></li>   <li><a href="/np/categories/497753" data-log-props="{ &quot;id&quot;:&quot;category_menu&quot;, &quot;param&quot;:{&quot;categoryLabel&quot;:&quot;car&quot;} }">첨가제</a></li>   <li><a href="/np/categories/497759" data-log-props="{ &quot;id&quot;:&quot;category_menu&quot;, &quot;param&quot;:{&quot;categoryLabel&quot;:&quot;car&quot;} }">냉각수/부동액</a></li>   <li><a href="/np/categories/509507" data-log-props="{ &quot;id&quot;:&quot;category_menu&quot;, &quot;param&quot;:{&quot;categoryLabel&quot;:&quot;car&quot;} }">요소수</a></li>   <li><a href="/np/categories/509508" data-log-props="{ &quot;id&quot;:&quot;category_menu&quot;, &quot;param&quot;:{&quot;categoryLabel&quot;:&quot;car&quot;} }">초순수/정제수</a></li>   <li><a href="/np/categories/497767" data-log-props="{ &quot;id&quot;:&quot;category_menu&quot;, &quot;param&quot;:{&quot;categoryLabel&quot;:&quot;car&quot;} }">기타 오일/필터</a></li>   <li><a href="/np/categories/497760" data-log-props="{ &quot;id&quot;:&quot;category_menu&quot;, &quot;param&quot;:{&quot;categoryLabel&quot;:&quot;car&quot;} }">점프스타터</a></li>   <li><a href="/np/categories/497761" data-log-props="{ &quot;id&quot;:&quot;category_menu&quot;, &quot;param&quot;:{&quot;categoryLabel&quot;:&quot;car&quot;} }">배터리용품</a></li>   <li><a href="/np/categories/503268" data-log-props="{ &quot;id&quot;:&quot;category_menu&quot;, &quot;param&quot;:{&quot;categoryLabel&quot;:&quot;car&quot;} }">타이어/휠</a></li>   <li><a href="/np/categories/503284" data-log-props="{ &quot;id&quot;:&quot;category_menu&quot;, &quot;param&quot;:{&quot;categoryLabel&quot;:&quot;car&quot;} }">스노우체인</a></li>  <li class="more-category"><a href="/np/categories/486447">더보기</a></li>     </ul></div></li>     <li class="second-depth-list"><a href="/np/categories/401438" data-log-props="{ &quot;id&quot;:&quot;category_menu&quot;, &quot;param&quot;:{&quot;categoryLabel&quot;:&quot;car&quot;} }">오토바이용품 <i class="depth-select-icon"></i></a><div class="third-depth-list"><ul>  <li><a href="/np/categories/401439" data-log-props="{ &quot;id&quot;:&quot;category_menu&quot;, &quot;param&quot;:{&quot;categoryLabel&quot;:&quot;car&quot;} }">오토바이/스쿠터</a></li>   <li><a href="/np/categories/401443" data-log-props="{ &quot;id&quot;:&quot;category_menu&quot;, &quot;param&quot;:{&quot;categoryLabel&quot;:&quot;car&quot;} }">헬멧/고글</a></li>   <li><a href="/np/categories/401447" data-log-props="{ &quot;id&quot;:&quot;category_menu&quot;, &quot;param&quot;:{&quot;categoryLabel&quot;:&quot;car&quot;} }">오토바이의류</a></li>   <li><a href="/np/categories/497791" data-log-props="{ &quot;id&quot;:&quot;category_menu&quot;, &quot;param&quot;:{&quot;categoryLabel&quot;:&quot;car&quot;} }">오토바이장갑</a></li>   <li><a href="/np/categories/497794" data-log-props="{ &quot;id&quot;:&quot;category_menu&quot;, &quot;param&quot;:{&quot;categoryLabel&quot;:&quot;car&quot;} }">오토바이부츠/잡화</a></li>   <li><a href="/np/categories/401462" data-log-props="{ &quot;id&quot;:&quot;category_menu&quot;, &quot;param&quot;:{&quot;categoryLabel&quot;:&quot;car&quot;} }">오토바이보호장비</a></li>   <li><a href="/np/categories/497799" data-log-props="{ &quot;id&quot;:&quot;category_menu&quot;, &quot;param&quot;:{&quot;categoryLabel&quot;:&quot;car&quot;} }">배달가방/탑박스</a></li>   <li><a href="/np/categories/503368" data-log-props="{ &quot;id&quot;:&quot;category_menu&quot;, &quot;param&quot;:{&quot;categoryLabel&quot;:&quot;car&quot;} }">오토바이액세서리</a></li>   <li><a href="/np/categories/401472" data-log-props="{ &quot;id&quot;:&quot;category_menu&quot;, &quot;param&quot;:{&quot;categoryLabel&quot;:&quot;car&quot;} }">오토바이부품/튜닝/정비</a></li>   <li><a href="/np/categories/401484" data-log-props="{ &quot;id&quot;:&quot;category_menu&quot;, &quot;param&quot;:{&quot;categoryLabel&quot;:&quot;car&quot;} }">오토바이전자기기</a></li> </ul></div></li>     <li class="second-depth-list"><a href="/np/categories/497290" data-log-props="{ &quot;id&quot;:&quot;category_menu&quot;, &quot;param&quot;:{&quot;categoryLabel&quot;:&quot;car&quot;} }">부품/안전/공구 <i class="depth-select-icon"></i></a><div class="third-depth-list"><ul>  <li><a href="/np/categories/497308" data-log-props="{ &quot;id&quot;:&quot;category_menu&quot;, &quot;param&quot;:{&quot;categoryLabel&quot;:&quot;car&quot;} }">정전기방지용품</a></li>   <li><a href="/np/categories/497309" data-log-props="{ &quot;id&quot;:&quot;category_menu&quot;, &quot;param&quot;:{&quot;categoryLabel&quot;:&quot;car&quot;} }">안전삼각대/소화기</a></li>   <li><a href="/np/categories/503314" data-log-props="{ &quot;id&quot;:&quot;category_menu&quot;, &quot;param&quot;:{&quot;categoryLabel&quot;:&quot;car&quot;} }">방음재</a></li>   <li><a href="/np/categories/503317" data-log-props="{ &quot;id&quot;:&quot;category_menu&quot;, &quot;param&quot;:{&quot;categoryLabel&quot;:&quot;car&quot;} }">차량용리프트</a></li>   <li><a href="/np/categories/503318" data-log-props="{ &quot;id&quot;:&quot;category_menu&quot;, &quot;param&quot;:{&quot;categoryLabel&quot;:&quot;car&quot;} }">고임목/버팀목</a></li>   <li><a href="/np/categories/503319" data-log-props="{ &quot;id&quot;:&quot;category_menu&quot;, &quot;param&quot;:{&quot;categoryLabel&quot;:&quot;car&quot;} }">카본/레자시트지</a></li>   <li><a href="/np/categories/503320" data-log-props="{ &quot;id&quot;:&quot;category_menu&quot;, &quot;param&quot;:{&quot;categoryLabel&quot;:&quot;car&quot;} }">차량용접착제/테이프</a></li>   <li><a href="/np/categories/503321" data-log-props="{ &quot;id&quot;:&quot;category_menu&quot;, &quot;param&quot;:{&quot;categoryLabel&quot;:&quot;car&quot;} }">차량용공구/장비</a></li>   <li><a href="/np/categories/503322" data-log-props="{ &quot;id&quot;:&quot;category_menu&quot;, &quot;param&quot;:{&quot;categoryLabel&quot;:&quot;car&quot;} }">부품/튜닝용품</a></li>   <li><a href="/np/categories/503364" data-log-props="{ &quot;id&quot;:&quot;category_menu&quot;, &quot;param&quot;:{&quot;categoryLabel&quot;:&quot;car&quot;} }">전기용품</a></li> </ul></div></li>     <li class="second-depth-list"><a href="/np/campaigns/10884" data-log-props="{ &quot;id&quot;:&quot;category_menu&quot;, &quot;param&quot;:{&quot;categoryLabel&quot;:&quot;car&quot;} }">로켓설치 타이어 </a><div class="third-depth-list"><ul></ul></div></li>  </ul>
<span class="gnb-banner" style="background: #FFF">
<a class="category-banner-button" href="https://pages.coupang.com/p/53907" title="자동차용품" data-log-props="{ &quot;id&quot;:&quot;category_menu_banner&quot;, &quot;param&quot;:{&quot;categoryLabel&quot;:&quot;car&quot;} }">자동차용품</a>
		<img alt="자동차용품" data-banner-src="//image7.coupangcdn.com/image/displayitem/displayitem_a054fd57-ef9d-4694-b46f-c5b73ff056c3.jpg" class="category-banner-image">
</span>

</div></div></li>







        <li class="book"><a href="/np/categories/317777" class="first-depth" data-log-props="{ &quot;id&quot;:&quot;category_menu&quot;, &quot;param&quot;:{&quot;categoryLabel&quot;:&quot;book&quot;} }">도서/음반/DVD<i class="select-icon"></i></a><div class="depth"><div class="depth-list banner third"><ul>   <li class="second-depth-list"><a href="/np/categories/329984" data-log-props="{ &quot;id&quot;:&quot;category_menu&quot;, &quot;param&quot;:{&quot;categoryLabel&quot;:&quot;book&quot;} }">유아/어린이 <i class="depth-select-icon"></i></a><div class="third-depth-list"><ul>  <li><a href="/np/categories/329985" data-log-props="{ &quot;id&quot;:&quot;category_menu&quot;, &quot;param&quot;:{&quot;categoryLabel&quot;:&quot;book&quot;} }">그림책</a></li>   <li><a href="/np/categories/329996" data-log-props="{ &quot;id&quot;:&quot;category_menu&quot;, &quot;param&quot;:{&quot;categoryLabel&quot;:&quot;book&quot;} }">어린이 문학</a></li>   <li><a href="/np/categories/330004" data-log-props="{ &quot;id&quot;:&quot;category_menu&quot;, &quot;param&quot;:{&quot;categoryLabel&quot;:&quot;book&quot;} }">초점책/영아책</a></li>   <li><a href="/np/categories/330008" data-log-props="{ &quot;id&quot;:&quot;category_menu&quot;, &quot;param&quot;:{&quot;categoryLabel&quot;:&quot;book&quot;} }">놀이책/토이북</a></li>   <li><a href="/np/categories/330019" data-log-props="{ &quot;id&quot;:&quot;category_menu&quot;, &quot;param&quot;:{&quot;categoryLabel&quot;:&quot;book&quot;} }">학습/교양</a></li>   <li><a href="/np/categories/330078" data-log-props="{ &quot;id&quot;:&quot;category_menu&quot;, &quot;param&quot;:{&quot;categoryLabel&quot;:&quot;book&quot;} }">만화/애니메이션</a></li>   <li><a href="/np/categories/330084" data-log-props="{ &quot;id&quot;:&quot;category_menu&quot;, &quot;param&quot;:{&quot;categoryLabel&quot;:&quot;book&quot;} }">전집/세트</a></li>   <li><a href="/np/categories/330099" data-log-props="{ &quot;id&quot;:&quot;category_menu&quot;, &quot;param&quot;:{&quot;categoryLabel&quot;:&quot;book&quot;} }">어린이 잡지</a></li>   <li><a href="/np/categories/365590" data-log-props="{ &quot;id&quot;:&quot;category_menu&quot;, &quot;param&quot;:{&quot;categoryLabel&quot;:&quot;book&quot;} }">유아동 해외도서</a></li>   <li><a href="/np/categories/365867" data-log-props="{ &quot;id&quot;:&quot;category_menu&quot;, &quot;param&quot;:{&quot;categoryLabel&quot;:&quot;book&quot;} }">음반/DVD</a></li>   <li><a href="/np/categories/371605" data-log-props="{ &quot;id&quot;:&quot;category_menu&quot;, &quot;param&quot;:{&quot;categoryLabel&quot;:&quot;book&quot;} }">누리과정 주제</a></li>   <li><a href="/np/categories/371611" data-log-props="{ &quot;id&quot;:&quot;category_menu&quot;, &quot;param&quot;:{&quot;categoryLabel&quot;:&quot;book&quot;} }">교과서수록도서</a></li>   <li><a href="/np/categories/374080" data-log-props="{ &quot;id&quot;:&quot;category_menu&quot;, &quot;param&quot;:{&quot;categoryLabel&quot;:&quot;book&quot;} }">STEAM도서</a></li> </ul></div></li>     <li class="second-depth-list"><a href="/np/categories/330184" data-log-props="{ &quot;id&quot;:&quot;category_menu&quot;, &quot;param&quot;:{&quot;categoryLabel&quot;:&quot;book&quot;} }">소설/에세이/시 <i class="depth-select-icon"></i></a><div class="third-depth-list"><ul>  <li><a href="/np/categories/330185" data-log-props="{ &quot;id&quot;:&quot;category_menu&quot;, &quot;param&quot;:{&quot;categoryLabel&quot;:&quot;book&quot;} }">소설</a></li>   <li><a href="/np/categories/330201" data-log-props="{ &quot;id&quot;:&quot;category_menu&quot;, &quot;param&quot;:{&quot;categoryLabel&quot;:&quot;book&quot;} }">장르소설</a></li>   <li><a href="/np/categories/330211" data-log-props="{ &quot;id&quot;:&quot;category_menu&quot;, &quot;param&quot;:{&quot;categoryLabel&quot;:&quot;book&quot;} }">테마소설</a></li>   <li><a href="/np/categories/330239" data-log-props="{ &quot;id&quot;:&quot;category_menu&quot;, &quot;param&quot;:{&quot;categoryLabel&quot;:&quot;book&quot;} }">고전문학/신화</a></li>   <li><a href="/np/categories/330253" data-log-props="{ &quot;id&quot;:&quot;category_menu&quot;, &quot;param&quot;:{&quot;categoryLabel&quot;:&quot;book&quot;} }">문학전집</a></li>   <li><a href="/np/categories/330216" data-log-props="{ &quot;id&quot;:&quot;category_menu&quot;, &quot;param&quot;:{&quot;categoryLabel&quot;:&quot;book&quot;} }">에세이</a></li>   <li><a href="/np/categories/330233" data-log-props="{ &quot;id&quot;:&quot;category_menu&quot;, &quot;param&quot;:{&quot;categoryLabel&quot;:&quot;book&quot;} }">시</a></li>   <li><a href="/np/categories/330238" data-log-props="{ &quot;id&quot;:&quot;category_menu&quot;, &quot;param&quot;:{&quot;categoryLabel&quot;:&quot;book&quot;} }">희곡/시나리오</a></li>   <li><a href="/np/categories/330254" data-log-props="{ &quot;id&quot;:&quot;category_menu&quot;, &quot;param&quot;:{&quot;categoryLabel&quot;:&quot;book&quot;} }">문학잡지</a></li> </ul></div></li>     <li class="second-depth-list"><a href="/np/categories/331062" data-log-props="{ &quot;id&quot;:&quot;category_menu&quot;, &quot;param&quot;:{&quot;categoryLabel&quot;:&quot;book&quot;} }">초중고참고서 <i class="depth-select-icon"></i></a><div class="third-depth-list"><ul>  <li><a href="/np/categories/331064" data-log-props="{ &quot;id&quot;:&quot;category_menu&quot;, &quot;param&quot;:{&quot;categoryLabel&quot;:&quot;book&quot;} }">초등학생</a></li>   <li><a href="/np/categories/331076" data-log-props="{ &quot;id&quot;:&quot;category_menu&quot;, &quot;param&quot;:{&quot;categoryLabel&quot;:&quot;book&quot;} }">중학생</a></li>   <li><a href="/np/categories/331085" data-log-props="{ &quot;id&quot;:&quot;category_menu&quot;, &quot;param&quot;:{&quot;categoryLabel&quot;:&quot;book&quot;} }">고등학생</a></li> </ul></div></li>     <li class="second-depth-list"><a href="/np/categories/330112" data-log-props="{ &quot;id&quot;:&quot;category_menu&quot;, &quot;param&quot;:{&quot;categoryLabel&quot;:&quot;book&quot;} }">가정 살림 <i class="depth-select-icon"></i></a><div class="third-depth-list"><ul>  <li><a href="/np/categories/330113" data-log-props="{ &quot;id&quot;:&quot;category_menu&quot;, &quot;param&quot;:{&quot;categoryLabel&quot;:&quot;book&quot;} }">요리</a></li>   <li><a href="/np/categories/330147" data-log-props="{ &quot;id&quot;:&quot;category_menu&quot;, &quot;param&quot;:{&quot;categoryLabel&quot;:&quot;book&quot;} }">임신/출산/태교</a></li>   <li><a href="/np/categories/330152" data-log-props="{ &quot;id&quot;:&quot;category_menu&quot;, &quot;param&quot;:{&quot;categoryLabel&quot;:&quot;book&quot;} }">결혼/가족</a></li>   <li><a href="/np/categories/330157" data-log-props="{ &quot;id&quot;:&quot;category_menu&quot;, &quot;param&quot;:{&quot;categoryLabel&quot;:&quot;book&quot;} }">육아/교육</a></li>   <li><a href="/np/categories/330165" data-log-props="{ &quot;id&quot;:&quot;category_menu&quot;, &quot;param&quot;:{&quot;categoryLabel&quot;:&quot;book&quot;} }">자녀 학습/학교</a></li>   <li><a href="/np/categories/330174" data-log-props="{ &quot;id&quot;:&quot;category_menu&quot;, &quot;param&quot;:{&quot;categoryLabel&quot;:&quot;book&quot;} }">살림/정리수납</a></li>   <li><a href="/np/categories/330178" data-log-props="{ &quot;id&quot;:&quot;category_menu&quot;, &quot;param&quot;:{&quot;categoryLabel&quot;:&quot;book&quot;} }">집/인테리어</a></li>   <li><a href="/np/categories/330183" data-log-props="{ &quot;id&quot;:&quot;category_menu&quot;, &quot;param&quot;:{&quot;categoryLabel&quot;:&quot;book&quot;} }">원예/조경/텃밭</a></li> </ul></div></li>     <li class="second-depth-list"><a href="/np/categories/330320" data-log-props="{ &quot;id&quot;:&quot;category_menu&quot;, &quot;param&quot;:{&quot;categoryLabel&quot;:&quot;book&quot;} }">건강 취미 <i class="depth-select-icon"></i></a><div class="third-depth-list"><ul>  <li><a href="/np/categories/330321" data-log-props="{ &quot;id&quot;:&quot;category_menu&quot;, &quot;param&quot;:{&quot;categoryLabel&quot;:&quot;book&quot;} }">다이어트/미용</a></li>   <li><a href="/np/categories/330324" data-log-props="{ &quot;id&quot;:&quot;category_menu&quot;, &quot;param&quot;:{&quot;categoryLabel&quot;:&quot;book&quot;} }">요가/체조/기타</a></li>   <li><a href="/np/categories/330325" data-log-props="{ &quot;id&quot;:&quot;category_menu&quot;, &quot;param&quot;:{&quot;categoryLabel&quot;:&quot;book&quot;} }">스포츠/오락</a></li>   <li><a href="/np/categories/330332" data-log-props="{ &quot;id&quot;:&quot;category_menu&quot;, &quot;param&quot;:{&quot;categoryLabel&quot;:&quot;book&quot;} }">등산/낚시/바둑</a></li>   <li><a href="/np/categories/330333" data-log-props="{ &quot;id&quot;:&quot;category_menu&quot;, &quot;param&quot;:{&quot;categoryLabel&quot;:&quot;book&quot;} }">건강정보</a></li>   <li><a href="/np/categories/330337" data-log-props="{ &quot;id&quot;:&quot;category_menu&quot;, &quot;param&quot;:{&quot;categoryLabel&quot;:&quot;book&quot;} }">의학/약학</a></li>   <li><a href="/np/categories/330338" data-log-props="{ &quot;id&quot;:&quot;category_menu&quot;, &quot;param&quot;:{&quot;categoryLabel&quot;:&quot;book&quot;} }">질병과 치료법</a></li>   <li><a href="/np/categories/330354" data-log-props="{ &quot;id&quot;:&quot;category_menu&quot;, &quot;param&quot;:{&quot;categoryLabel&quot;:&quot;book&quot;} }">한의학/한방치료</a></li>   <li><a href="/np/categories/330355" data-log-props="{ &quot;id&quot;:&quot;category_menu&quot;, &quot;param&quot;:{&quot;categoryLabel&quot;:&quot;book&quot;} }">컬러링북</a></li>   <li><a href="/np/categories/330356" data-log-props="{ &quot;id&quot;:&quot;category_menu&quot;, &quot;param&quot;:{&quot;categoryLabel&quot;:&quot;book&quot;} }">공예/DIY</a></li>   <li><a href="/np/categories/330364" data-log-props="{ &quot;id&quot;:&quot;category_menu&quot;, &quot;param&quot;:{&quot;categoryLabel&quot;:&quot;book&quot;} }">원예</a></li>   <li><a href="/np/categories/330365" data-log-props="{ &quot;id&quot;:&quot;category_menu&quot;, &quot;param&quot;:{&quot;categoryLabel&quot;:&quot;book&quot;} }">패션/뷰티</a></li>   <li><a href="/np/categories/330371" data-log-props="{ &quot;id&quot;:&quot;category_menu&quot;, &quot;param&quot;:{&quot;categoryLabel&quot;:&quot;book&quot;} }">퍼즐/스도쿠</a></li>  <li class="more-category"><a href="/np/categories/330320">더보기</a></li>     </ul></div></li>     <li class="second-depth-list"><a href="/np/categories/330255" data-log-props="{ &quot;id&quot;:&quot;category_menu&quot;, &quot;param&quot;:{&quot;categoryLabel&quot;:&quot;book&quot;} }">경제 경영 <i class="depth-select-icon"></i></a><div class="third-depth-list"><ul>  <li><a href="/np/categories/330256" data-log-props="{ &quot;id&quot;:&quot;category_menu&quot;, &quot;param&quot;:{&quot;categoryLabel&quot;:&quot;book&quot;} }">경제</a></li>   <li><a href="/np/categories/330265" data-log-props="{ &quot;id&quot;:&quot;category_menu&quot;, &quot;param&quot;:{&quot;categoryLabel&quot;:&quot;book&quot;} }">경영</a></li>   <li><a href="/np/categories/330279" data-log-props="{ &quot;id&quot;:&quot;category_menu&quot;, &quot;param&quot;:{&quot;categoryLabel&quot;:&quot;book&quot;} }">마케팅/세일즈</a></li>   <li><a href="/np/categories/330285" data-log-props="{ &quot;id&quot;:&quot;category_menu&quot;, &quot;param&quot;:{&quot;categoryLabel&quot;:&quot;book&quot;} }">투자/재테크</a></li>   <li><a href="/np/categories/330290" data-log-props="{ &quot;id&quot;:&quot;category_menu&quot;, &quot;param&quot;:{&quot;categoryLabel&quot;:&quot;book&quot;} }">인터넷비즈니스</a></li>   <li><a href="/np/categories/330293" data-log-props="{ &quot;id&quot;:&quot;category_menu&quot;, &quot;param&quot;:{&quot;categoryLabel&quot;:&quot;book&quot;} }">창업/취업/은퇴</a></li>   <li><a href="/np/categories/330297" data-log-props="{ &quot;id&quot;:&quot;category_menu&quot;, &quot;param&quot;:{&quot;categoryLabel&quot;:&quot;book&quot;} }">성공스토리</a></li>   <li><a href="/np/categories/330298" data-log-props="{ &quot;id&quot;:&quot;category_menu&quot;, &quot;param&quot;:{&quot;categoryLabel&quot;:&quot;book&quot;} }">경제/시사잡지</a></li>   <li><a href="/np/categories/330301" data-log-props="{ &quot;id&quot;:&quot;category_menu&quot;, &quot;param&quot;:{&quot;categoryLabel&quot;:&quot;book&quot;} }">총람/간행물</a></li> </ul></div></li>     <li class="second-depth-list"><a href="/np/categories/330795" data-log-props="{ &quot;id&quot;:&quot;category_menu&quot;, &quot;param&quot;:{&quot;categoryLabel&quot;:&quot;book&quot;} }">과학/공학 <i class="depth-select-icon"></i></a><div class="third-depth-list"><ul>  <li><a href="/np/categories/330796" data-log-props="{ &quot;id&quot;:&quot;category_menu&quot;, &quot;param&quot;:{&quot;categoryLabel&quot;:&quot;book&quot;} }">기초과학/교양과학</a></li>   <li><a href="/np/categories/330800" data-log-props="{ &quot;id&quot;:&quot;category_menu&quot;, &quot;param&quot;:{&quot;categoryLabel&quot;:&quot;book&quot;} }">과학자</a></li>   <li><a href="/np/categories/330801" data-log-props="{ &quot;id&quot;:&quot;category_menu&quot;, &quot;param&quot;:{&quot;categoryLabel&quot;:&quot;book&quot;} }">뇌과학</a></li>   <li><a href="/np/categories/330804" data-log-props="{ &quot;id&quot;:&quot;category_menu&quot;, &quot;param&quot;:{&quot;categoryLabel&quot;:&quot;book&quot;} }">의학/법의학</a></li>   <li><a href="/np/categories/330805" data-log-props="{ &quot;id&quot;:&quot;category_menu&quot;, &quot;param&quot;:{&quot;categoryLabel&quot;:&quot;book&quot;} }">생명과학</a></li>   <li><a href="/np/categories/330815" data-log-props="{ &quot;id&quot;:&quot;category_menu&quot;, &quot;param&quot;:{&quot;categoryLabel&quot;:&quot;book&quot;} }">화학</a></li>   <li><a href="/np/categories/330821" data-log-props="{ &quot;id&quot;:&quot;category_menu&quot;, &quot;param&quot;:{&quot;categoryLabel&quot;:&quot;book&quot;} }">수학</a></li>   <li><a href="/np/categories/330828" data-log-props="{ &quot;id&quot;:&quot;category_menu&quot;, &quot;param&quot;:{&quot;categoryLabel&quot;:&quot;book&quot;} }">물리</a></li>   <li><a href="/np/categories/330834" data-log-props="{ &quot;id&quot;:&quot;category_menu&quot;, &quot;param&quot;:{&quot;categoryLabel&quot;:&quot;book&quot;} }">지구과학</a></li>   <li><a href="/np/categories/330838" data-log-props="{ &quot;id&quot;:&quot;category_menu&quot;, &quot;param&quot;:{&quot;categoryLabel&quot;:&quot;book&quot;} }">천문학</a></li>   <li><a href="/np/categories/330842" data-log-props="{ &quot;id&quot;:&quot;category_menu&quot;, &quot;param&quot;:{&quot;categoryLabel&quot;:&quot;book&quot;} }">인체</a></li>   <li><a href="/np/categories/330845" data-log-props="{ &quot;id&quot;:&quot;category_menu&quot;, &quot;param&quot;:{&quot;categoryLabel&quot;:&quot;book&quot;} }">공학</a></li>   <li><a href="/np/categories/330852" data-log-props="{ &quot;id&quot;:&quot;category_menu&quot;, &quot;param&quot;:{&quot;categoryLabel&quot;:&quot;book&quot;} }">농/축/수산학</a></li>  <li class="more-category"><a href="/np/categories/330795">더보기</a></li>     </ul></div></li>     <li class="second-depth-list"><a href="/np/categories/330972" data-log-props="{ &quot;id&quot;:&quot;category_menu&quot;, &quot;param&quot;:{&quot;categoryLabel&quot;:&quot;book&quot;} }">국어/외국어/사전 <i class="depth-select-icon"></i></a><div class="third-depth-list"><ul>  <li><a href="/np/categories/330973" data-log-props="{ &quot;id&quot;:&quot;category_menu&quot;, &quot;param&quot;:{&quot;categoryLabel&quot;:&quot;book&quot;} }">국어</a></li>   <li><a href="/np/categories/330983" data-log-props="{ &quot;id&quot;:&quot;category_menu&quot;, &quot;param&quot;:{&quot;categoryLabel&quot;:&quot;book&quot;} }">한자</a></li>   <li><a href="/np/categories/330986" data-log-props="{ &quot;id&quot;:&quot;category_menu&quot;, &quot;param&quot;:{&quot;categoryLabel&quot;:&quot;book&quot;} }">영어</a></li>   <li><a href="/np/categories/330998" data-log-props="{ &quot;id&quot;:&quot;category_menu&quot;, &quot;param&quot;:{&quot;categoryLabel&quot;:&quot;book&quot;} }">영어시험대비</a></li>   <li><a href="/np/categories/331027" data-log-props="{ &quot;id&quot;:&quot;category_menu&quot;, &quot;param&quot;:{&quot;categoryLabel&quot;:&quot;book&quot;} }">일본어</a></li>   <li><a href="/np/categories/331035" data-log-props="{ &quot;id&quot;:&quot;category_menu&quot;, &quot;param&quot;:{&quot;categoryLabel&quot;:&quot;book&quot;} }">중국어</a></li>   <li><a href="/np/categories/331043" data-log-props="{ &quot;id&quot;:&quot;category_menu&quot;, &quot;param&quot;:{&quot;categoryLabel&quot;:&quot;book&quot;} }">중동/아랍어</a></li>   <li><a href="/np/categories/331044" data-log-props="{ &quot;id&quot;:&quot;category_menu&quot;, &quot;param&quot;:{&quot;categoryLabel&quot;:&quot;book&quot;} }">독일어</a></li>   <li><a href="/np/categories/331045" data-log-props="{ &quot;id&quot;:&quot;category_menu&quot;, &quot;param&quot;:{&quot;categoryLabel&quot;:&quot;book&quot;} }">프랑스어</a></li>   <li><a href="/np/categories/331046" data-log-props="{ &quot;id&quot;:&quot;category_menu&quot;, &quot;param&quot;:{&quot;categoryLabel&quot;:&quot;book&quot;} }">이탈리아어</a></li>   <li><a href="/np/categories/331047" data-log-props="{ &quot;id&quot;:&quot;category_menu&quot;, &quot;param&quot;:{&quot;categoryLabel&quot;:&quot;book&quot;} }">스페인어</a></li>   <li><a href="/np/categories/331048" data-log-props="{ &quot;id&quot;:&quot;category_menu&quot;, &quot;param&quot;:{&quot;categoryLabel&quot;:&quot;book&quot;} }">러시아어</a></li>   <li><a href="/np/categories/331049" data-log-props="{ &quot;id&quot;:&quot;category_menu&quot;, &quot;param&quot;:{&quot;categoryLabel&quot;:&quot;book&quot;} }">기타 동양어</a></li>  <li class="more-category"><a href="/np/categories/330972">더보기</a></li>                    </ul></div></li>     <li class="second-depth-list"><a href="/np/categories/331100" data-log-props="{ &quot;id&quot;:&quot;category_menu&quot;, &quot;param&quot;:{&quot;categoryLabel&quot;:&quot;book&quot;} }">대학교재 <i class="depth-select-icon"></i></a><div class="third-depth-list"><ul>  <li><a href="/np/categories/331101" data-log-props="{ &quot;id&quot;:&quot;category_menu&quot;, &quot;param&quot;:{&quot;categoryLabel&quot;:&quot;book&quot;} }">인문학 계열</a></li>   <li><a href="/np/categories/331111" data-log-props="{ &quot;id&quot;:&quot;category_menu&quot;, &quot;param&quot;:{&quot;categoryLabel&quot;:&quot;book&quot;} }">어문학 계열</a></li>   <li><a href="/np/categories/331126" data-log-props="{ &quot;id&quot;:&quot;category_menu&quot;, &quot;param&quot;:{&quot;categoryLabel&quot;:&quot;book&quot;} }">자연과학 계열</a></li>   <li><a href="/np/categories/331136" data-log-props="{ &quot;id&quot;:&quot;category_menu&quot;, &quot;param&quot;:{&quot;categoryLabel&quot;:&quot;book&quot;} }">의약학/간호 계열</a></li>   <li><a href="/np/categories/331189" data-log-props="{ &quot;id&quot;:&quot;category_menu&quot;, &quot;param&quot;:{&quot;categoryLabel&quot;:&quot;book&quot;} }">사범대 계열</a></li>   <li><a href="/np/categories/331199" data-log-props="{ &quot;id&quot;:&quot;category_menu&quot;, &quot;param&quot;:{&quot;categoryLabel&quot;:&quot;book&quot;} }">농축산학 계열</a></li>   <li><a href="/np/categories/331203" data-log-props="{ &quot;id&quot;:&quot;category_menu&quot;, &quot;param&quot;:{&quot;categoryLabel&quot;:&quot;book&quot;} }">경상계열</a></li>   <li><a href="/np/categories/331246" data-log-props="{ &quot;id&quot;:&quot;category_menu&quot;, &quot;param&quot;:{&quot;categoryLabel&quot;:&quot;book&quot;} }">예체능/문화/기타 계열</a></li>   <li><a href="/np/categories/331255" data-log-props="{ &quot;id&quot;:&quot;category_menu&quot;, &quot;param&quot;:{&quot;categoryLabel&quot;:&quot;book&quot;} }">사회과학 계열</a></li>   <li><a href="/np/categories/331269" data-log-props="{ &quot;id&quot;:&quot;category_menu&quot;, &quot;param&quot;:{&quot;categoryLabel&quot;:&quot;book&quot;} }">법학계열</a></li>   <li><a href="/np/categories/331285" data-log-props="{ &quot;id&quot;:&quot;category_menu&quot;, &quot;param&quot;:{&quot;categoryLabel&quot;:&quot;book&quot;} }">공학계열</a></li> </ul></div></li>     <li class="second-depth-list"><a href="/np/categories/330646" data-log-props="{ &quot;id&quot;:&quot;category_menu&quot;, &quot;param&quot;:{&quot;categoryLabel&quot;:&quot;book&quot;} }">만화/라이트노벨 <i class="depth-select-icon"></i></a><div class="third-depth-list"><ul>  <li><a href="/np/categories/330647" data-log-props="{ &quot;id&quot;:&quot;category_menu&quot;, &quot;param&quot;:{&quot;categoryLabel&quot;:&quot;book&quot;} }">만화 비평/작법</a></li>   <li><a href="/np/categories/330650" data-log-props="{ &quot;id&quot;:&quot;category_menu&quot;, &quot;param&quot;:{&quot;categoryLabel&quot;:&quot;book&quot;} }">애니메이션</a></li>   <li><a href="/np/categories/330651" data-log-props="{ &quot;id&quot;:&quot;category_menu&quot;, &quot;param&quot;:{&quot;categoryLabel&quot;:&quot;book&quot;} }">예술만화/교양만화</a></li>   <li><a href="/np/categories/330652" data-log-props="{ &quot;id&quot;:&quot;category_menu&quot;, &quot;param&quot;:{&quot;categoryLabel&quot;:&quot;book&quot;} }">시사/풍자만화</a></li>   <li><a href="/np/categories/330653" data-log-props="{ &quot;id&quot;:&quot;category_menu&quot;, &quot;param&quot;:{&quot;categoryLabel&quot;:&quot;book&quot;} }">취미/직업만화</a></li>   <li><a href="/np/categories/330654" data-log-props="{ &quot;id&quot;:&quot;category_menu&quot;, &quot;param&quot;:{&quot;categoryLabel&quot;:&quot;book&quot;} }">역사만화</a></li>   <li><a href="/np/categories/330655" data-log-props="{ &quot;id&quot;:&quot;category_menu&quot;, &quot;param&quot;:{&quot;categoryLabel&quot;:&quot;book&quot;} }">코믹/명랑만화</a></li>   <li><a href="/np/categories/330656" data-log-props="{ &quot;id&quot;:&quot;category_menu&quot;, &quot;param&quot;:{&quot;categoryLabel&quot;:&quot;book&quot;} }">스포츠만화</a></li>   <li><a href="/np/categories/330657" data-log-props="{ &quot;id&quot;:&quot;category_menu&quot;, &quot;param&quot;:{&quot;categoryLabel&quot;:&quot;book&quot;} }">소년만화</a></li>   <li><a href="/np/categories/330661" data-log-props="{ &quot;id&quot;:&quot;category_menu&quot;, &quot;param&quot;:{&quot;categoryLabel&quot;:&quot;book&quot;} }">장르만화</a></li>   <li><a href="/np/categories/330665" data-log-props="{ &quot;id&quot;:&quot;category_menu&quot;, &quot;param&quot;:{&quot;categoryLabel&quot;:&quot;book&quot;} }">드라마만화</a></li>   <li><a href="/np/categories/330666" data-log-props="{ &quot;id&quot;:&quot;category_menu&quot;, &quot;param&quot;:{&quot;categoryLabel&quot;:&quot;book&quot;} }">성인만화</a></li>   <li><a href="/np/categories/330667" data-log-props="{ &quot;id&quot;:&quot;category_menu&quot;, &quot;param&quot;:{&quot;categoryLabel&quot;:&quot;book&quot;} }">순정만화</a></li>  <li class="more-category"><a href="/np/categories/330646">더보기</a></li>                 </ul></div></li>     <li class="second-depth-list"><a href="/np/categories/330585" data-log-props="{ &quot;id&quot;:&quot;category_menu&quot;, &quot;param&quot;:{&quot;categoryLabel&quot;:&quot;book&quot;} }">사회 정치 <i class="depth-select-icon"></i></a><div class="third-depth-list"><ul>  <li><a href="/np/categories/330586" data-log-props="{ &quot;id&quot;:&quot;category_menu&quot;, &quot;param&quot;:{&quot;categoryLabel&quot;:&quot;book&quot;} }">생태/환경</a></li>   <li><a href="/np/categories/330587" data-log-props="{ &quot;id&quot;:&quot;category_menu&quot;, &quot;param&quot;:{&quot;categoryLabel&quot;:&quot;book&quot;} }">사회학</a></li>   <li><a href="/np/categories/330593" data-log-props="{ &quot;id&quot;:&quot;category_menu&quot;, &quot;param&quot;:{&quot;categoryLabel&quot;:&quot;book&quot;} }">사회비평/비판</a></li>   <li><a href="/np/categories/330594" data-log-props="{ &quot;id&quot;:&quot;category_menu&quot;, &quot;param&quot;:{&quot;categoryLabel&quot;:&quot;book&quot;} }">정치/외교</a></li>   <li><a href="/np/categories/330602" data-log-props="{ &quot;id&quot;:&quot;category_menu&quot;, &quot;param&quot;:{&quot;categoryLabel&quot;:&quot;book&quot;} }">북한/통일</a></li>   <li><a href="/np/categories/330603" data-log-props="{ &quot;id&quot;:&quot;category_menu&quot;, &quot;param&quot;:{&quot;categoryLabel&quot;:&quot;book&quot;} }">행정</a></li>   <li><a href="/np/categories/330607" data-log-props="{ &quot;id&quot;:&quot;category_menu&quot;, &quot;param&quot;:{&quot;categoryLabel&quot;:&quot;book&quot;} }">국방/군사</a></li>   <li><a href="/np/categories/330611" data-log-props="{ &quot;id&quot;:&quot;category_menu&quot;, &quot;param&quot;:{&quot;categoryLabel&quot;:&quot;book&quot;} }">법과 생활</a></li>   <li><a href="/np/categories/330625" data-log-props="{ &quot;id&quot;:&quot;category_menu&quot;, &quot;param&quot;:{&quot;categoryLabel&quot;:&quot;book&quot;} }">여성/젠더</a></li>   <li><a href="/np/categories/330629" data-log-props="{ &quot;id&quot;:&quot;category_menu&quot;, &quot;param&quot;:{&quot;categoryLabel&quot;:&quot;book&quot;} }">언론/미디어</a></li>   <li><a href="/np/categories/330636" data-log-props="{ &quot;id&quot;:&quot;category_menu&quot;, &quot;param&quot;:{&quot;categoryLabel&quot;:&quot;book&quot;} }">교육</a></li>   <li><a href="/np/categories/330643" data-log-props="{ &quot;id&quot;:&quot;category_menu&quot;, &quot;param&quot;:{&quot;categoryLabel&quot;:&quot;book&quot;} }">사회단체/NGO</a></li>   <li><a href="/np/categories/330644" data-log-props="{ &quot;id&quot;:&quot;category_menu&quot;, &quot;param&quot;:{&quot;categoryLabel&quot;:&quot;book&quot;} }">지리학/지정학</a></li>  <li class="more-category"><a href="/np/categories/330585">더보기</a></li>  </ul></div></li>     <li class="second-depth-list"><a href="/np/categories/331298" data-log-props="{ &quot;id&quot;:&quot;category_menu&quot;, &quot;param&quot;:{&quot;categoryLabel&quot;:&quot;book&quot;} }">수험서/자격증 <i class="depth-select-icon"></i></a><div class="third-depth-list"><ul>  <li><a href="/np/categories/331299" data-log-props="{ &quot;id&quot;:&quot;category_menu&quot;, &quot;param&quot;:{&quot;categoryLabel&quot;:&quot;book&quot;} }">공무원 준비관</a></li>   <li><a href="/np/categories/331348" data-log-props="{ &quot;id&quot;:&quot;category_menu&quot;, &quot;param&quot;:{&quot;categoryLabel&quot;:&quot;book&quot;} }">교원임용시험</a></li>   <li><a href="/np/categories/331356" data-log-props="{ &quot;id&quot;:&quot;category_menu&quot;, &quot;param&quot;:{&quot;categoryLabel&quot;:&quot;book&quot;} }">한국사능력검정시험</a></li>   <li><a href="/np/categories/331360" data-log-props="{ &quot;id&quot;:&quot;category_menu&quot;, &quot;param&quot;:{&quot;categoryLabel&quot;:&quot;book&quot;} }">한국어능력검정시험</a></li>   <li><a href="/np/categories/331361" data-log-props="{ &quot;id&quot;:&quot;category_menu&quot;, &quot;param&quot;:{&quot;categoryLabel&quot;:&quot;book&quot;} }">한자시험</a></li>   <li><a href="/np/categories/331362" data-log-props="{ &quot;id&quot;:&quot;category_menu&quot;, &quot;param&quot;:{&quot;categoryLabel&quot;:&quot;book&quot;} }">취업/상식/적성</a></li>   <li><a href="/np/categories/331367" data-log-props="{ &quot;id&quot;:&quot;category_menu&quot;, &quot;param&quot;:{&quot;categoryLabel&quot;:&quot;book&quot;} }">경제/금융/회계</a></li>   <li><a href="/np/categories/331424" data-log-props="{ &quot;id&quot;:&quot;category_menu&quot;, &quot;param&quot;:{&quot;categoryLabel&quot;:&quot;book&quot;} }">공인중개/주택관리</a></li>   <li><a href="/np/categories/331427" data-log-props="{ &quot;id&quot;:&quot;category_menu&quot;, &quot;param&quot;:{&quot;categoryLabel&quot;:&quot;book&quot;} }">법/인문/사회/고시</a></li>   <li><a href="/np/categories/331443" data-log-props="{ &quot;id&quot;:&quot;category_menu&quot;, &quot;param&quot;:{&quot;categoryLabel&quot;:&quot;book&quot;} }">보건/위생/의학</a></li>   <li><a href="/np/categories/331454" data-log-props="{ &quot;id&quot;:&quot;category_menu&quot;, &quot;param&quot;:{&quot;categoryLabel&quot;:&quot;book&quot;} }">한국산업인력공단</a></li>   <li><a href="/np/categories/331574" data-log-props="{ &quot;id&quot;:&quot;category_menu&quot;, &quot;param&quot;:{&quot;categoryLabel&quot;:&quot;book&quot;} }">편입/검정고시/독학사</a></li>   <li><a href="/np/categories/331591" data-log-props="{ &quot;id&quot;:&quot;category_menu&quot;, &quot;param&quot;:{&quot;categoryLabel&quot;:&quot;book&quot;} }">LEET:법학적성시험</a></li>  <li class="more-category"><a href="/np/categories/331298">더보기</a></li>                 </ul></div></li>     <li class="second-depth-list"><a href="/np/categories/330379" data-log-props="{ &quot;id&quot;:&quot;category_menu&quot;, &quot;param&quot;:{&quot;categoryLabel&quot;:&quot;book&quot;} }">여행 <i class="depth-select-icon"></i></a><div class="third-depth-list"><ul>  <li><a href="/np/categories/330380" data-log-props="{ &quot;id&quot;:&quot;category_menu&quot;, &quot;param&quot;:{&quot;categoryLabel&quot;:&quot;book&quot;} }">해외여행</a></li>   <li><a href="/np/categories/330408" data-log-props="{ &quot;id&quot;:&quot;category_menu&quot;, &quot;param&quot;:{&quot;categoryLabel&quot;:&quot;book&quot;} }">국내여행</a></li>   <li><a href="/np/categories/330418" data-log-props="{ &quot;id&quot;:&quot;category_menu&quot;, &quot;param&quot;:{&quot;categoryLabel&quot;:&quot;book&quot;} }">테마여행</a></li>   <li><a href="/np/categories/330428" data-log-props="{ &quot;id&quot;:&quot;category_menu&quot;, &quot;param&quot;:{&quot;categoryLabel&quot;:&quot;book&quot;} }">지도/지리</a></li>   <li><a href="/np/categories/330432" data-log-props="{ &quot;id&quot;:&quot;category_menu&quot;, &quot;param&quot;:{&quot;categoryLabel&quot;:&quot;book&quot;} }">여행회화</a></li>   <li><a href="/np/categories/330433" data-log-props="{ &quot;id&quot;:&quot;category_menu&quot;, &quot;param&quot;:{&quot;categoryLabel&quot;:&quot;book&quot;} }">워킹 홀리데이</a></li>   <li><a href="/np/categories/330434" data-log-props="{ &quot;id&quot;:&quot;category_menu&quot;, &quot;param&quot;:{&quot;categoryLabel&quot;:&quot;book&quot;} }">유학/해외연수/이민</a></li>   <li><a href="/np/categories/330435" data-log-props="{ &quot;id&quot;:&quot;category_menu&quot;, &quot;param&quot;:{&quot;categoryLabel&quot;:&quot;book&quot;} }">여행 에세이</a></li> </ul></div></li>     <li class="second-depth-list"><a href="/np/categories/330521" data-log-props="{ &quot;id&quot;:&quot;category_menu&quot;, &quot;param&quot;:{&quot;categoryLabel&quot;:&quot;book&quot;} }">역사 <i class="depth-select-icon"></i></a><div class="third-depth-list"><ul>  <li><a href="/np/categories/330522" data-log-props="{ &quot;id&quot;:&quot;category_menu&quot;, &quot;param&quot;:{&quot;categoryLabel&quot;:&quot;book&quot;} }">한국사 일반</a></li>   <li><a href="/np/categories/330523" data-log-props="{ &quot;id&quot;:&quot;category_menu&quot;, &quot;param&quot;:{&quot;categoryLabel&quot;:&quot;book&quot;} }">한국고대/고려사</a></li>   <li><a href="/np/categories/330527" data-log-props="{ &quot;id&quot;:&quot;category_menu&quot;, &quot;param&quot;:{&quot;categoryLabel&quot;:&quot;book&quot;} }">조선사</a></li>   <li><a href="/np/categories/330528" data-log-props="{ &quot;id&quot;:&quot;category_menu&quot;, &quot;param&quot;:{&quot;categoryLabel&quot;:&quot;book&quot;} }">한국근현대사</a></li>   <li><a href="/np/categories/330532" data-log-props="{ &quot;id&quot;:&quot;category_menu&quot;, &quot;param&quot;:{&quot;categoryLabel&quot;:&quot;book&quot;} }">한국문화</a></li>   <li><a href="/np/categories/330533" data-log-props="{ &quot;id&quot;:&quot;category_menu&quot;, &quot;param&quot;:{&quot;categoryLabel&quot;:&quot;book&quot;} }">북한사</a></li>   <li><a href="/np/categories/330534" data-log-props="{ &quot;id&quot;:&quot;category_menu&quot;, &quot;param&quot;:{&quot;categoryLabel&quot;:&quot;book&quot;} }">일본사</a></li>   <li><a href="/np/categories/330540" data-log-props="{ &quot;id&quot;:&quot;category_menu&quot;, &quot;param&quot;:{&quot;categoryLabel&quot;:&quot;book&quot;} }">중국사</a></li>   <li><a href="/np/categories/330546" data-log-props="{ &quot;id&quot;:&quot;category_menu&quot;, &quot;param&quot;:{&quot;categoryLabel&quot;:&quot;book&quot;} }">아시아사</a></li>   <li><a href="/np/categories/330552" data-log-props="{ &quot;id&quot;:&quot;category_menu&quot;, &quot;param&quot;:{&quot;categoryLabel&quot;:&quot;book&quot;} }">서양사</a></li>   <li><a href="/np/categories/330555" data-log-props="{ &quot;id&quot;:&quot;category_menu&quot;, &quot;param&quot;:{&quot;categoryLabel&quot;:&quot;book&quot;} }">유럽사</a></li>   <li><a href="/np/categories/330562" data-log-props="{ &quot;id&quot;:&quot;category_menu&quot;, &quot;param&quot;:{&quot;categoryLabel&quot;:&quot;book&quot;} }">아메리카사/기타</a></li>   <li><a href="/np/categories/330565" data-log-props="{ &quot;id&quot;:&quot;category_menu&quot;, &quot;param&quot;:{&quot;categoryLabel&quot;:&quot;book&quot;} }">아프리카/오세아니아사</a></li>  <li class="more-category"><a href="/np/categories/330521">더보기</a></li>                 </ul></div></li>     <li class="second-depth-list"><a href="/np/categories/330674" data-log-props="{ &quot;id&quot;:&quot;category_menu&quot;, &quot;param&quot;:{&quot;categoryLabel&quot;:&quot;book&quot;} }">예술 <i class="depth-select-icon"></i></a><div class="third-depth-list"><ul>  <li><a href="/np/categories/330675" data-log-props="{ &quot;id&quot;:&quot;category_menu&quot;, &quot;param&quot;:{&quot;categoryLabel&quot;:&quot;book&quot;} }">건축</a></li>   <li><a href="/np/categories/330678" data-log-props="{ &quot;id&quot;:&quot;category_menu&quot;, &quot;param&quot;:{&quot;categoryLabel&quot;:&quot;book&quot;} }">미술</a></li>   <li><a href="/np/categories/330689" data-log-props="{ &quot;id&quot;:&quot;category_menu&quot;, &quot;param&quot;:{&quot;categoryLabel&quot;:&quot;book&quot;} }">음악</a></li>   <li><a href="/np/categories/330704" data-log-props="{ &quot;id&quot;:&quot;category_menu&quot;, &quot;param&quot;:{&quot;categoryLabel&quot;:&quot;book&quot;} }">사진</a></li>   <li><a href="/np/categories/330710" data-log-props="{ &quot;id&quot;:&quot;category_menu&quot;, &quot;param&quot;:{&quot;categoryLabel&quot;:&quot;book&quot;} }">무용</a></li>   <li><a href="/np/categories/330713" data-log-props="{ &quot;id&quot;:&quot;category_menu&quot;, &quot;param&quot;:{&quot;categoryLabel&quot;:&quot;book&quot;} }">연극/공연</a></li>   <li><a href="/np/categories/330717" data-log-props="{ &quot;id&quot;:&quot;category_menu&quot;, &quot;param&quot;:{&quot;categoryLabel&quot;:&quot;book&quot;} }">영화/비디오</a></li>   <li><a href="/np/categories/330721" data-log-props="{ &quot;id&quot;:&quot;category_menu&quot;, &quot;param&quot;:{&quot;categoryLabel&quot;:&quot;book&quot;} }">대중음악</a></li>   <li><a href="/np/categories/330725" data-log-props="{ &quot;id&quot;:&quot;category_menu&quot;, &quot;param&quot;:{&quot;categoryLabel&quot;:&quot;book&quot;} }">예술/대중문화 이해</a></li>   <li><a href="/np/categories/330728" data-log-props="{ &quot;id&quot;:&quot;category_menu&quot;, &quot;param&quot;:{&quot;categoryLabel&quot;:&quot;book&quot;} }">TV/라디오</a></li>   <li><a href="/np/categories/330729" data-log-props="{ &quot;id&quot;:&quot;category_menu&quot;, &quot;param&quot;:{&quot;categoryLabel&quot;:&quot;book&quot;} }">예술치료</a></li>   <li><a href="/np/categories/330730" data-log-props="{ &quot;id&quot;:&quot;category_menu&quot;, &quot;param&quot;:{&quot;categoryLabel&quot;:&quot;book&quot;} }">예술기행</a></li>   <li><a href="/np/categories/330731" data-log-props="{ &quot;id&quot;:&quot;category_menu&quot;, &quot;param&quot;:{&quot;categoryLabel&quot;:&quot;book&quot;} }">연예인 화보집</a></li> </ul></div></li>     <li class="second-depth-list"><a href="/np/categories/330479" data-log-props="{ &quot;id&quot;:&quot;category_menu&quot;, &quot;param&quot;:{&quot;categoryLabel&quot;:&quot;book&quot;} }">인문 <i class="depth-select-icon"></i></a><div class="third-depth-list"><ul>  <li><a href="/np/categories/330480" data-log-props="{ &quot;id&quot;:&quot;category_menu&quot;, &quot;param&quot;:{&quot;categoryLabel&quot;:&quot;book&quot;} }">인문 일반</a></li>   <li><a href="/np/categories/330486" data-log-props="{ &quot;id&quot;:&quot;category_menu&quot;, &quot;param&quot;:{&quot;categoryLabel&quot;:&quot;book&quot;} }">철학/사상 일반</a></li>   <li><a href="/np/categories/330487" data-log-props="{ &quot;id&quot;:&quot;category_menu&quot;, &quot;param&quot;:{&quot;categoryLabel&quot;:&quot;book&quot;} }">심리학/심리일반</a></li>   <li><a href="/np/categories/330494" data-log-props="{ &quot;id&quot;:&quot;category_menu&quot;, &quot;param&quot;:{&quot;categoryLabel&quot;:&quot;book&quot;} }">기호학/언어학</a></li>   <li><a href="/np/categories/330497" data-log-props="{ &quot;id&quot;:&quot;category_menu&quot;, &quot;param&quot;:{&quot;categoryLabel&quot;:&quot;book&quot;} }">종교학/신화학</a></li>   <li><a href="/np/categories/330503" data-log-props="{ &quot;id&quot;:&quot;category_menu&quot;, &quot;param&quot;:{&quot;categoryLabel&quot;:&quot;book&quot;} }">한국철학</a></li>   <li><a href="/np/categories/330507" data-log-props="{ &quot;id&quot;:&quot;category_menu&quot;, &quot;param&quot;:{&quot;categoryLabel&quot;:&quot;book&quot;} }">동양철학</a></li>   <li><a href="/np/categories/330514" data-log-props="{ &quot;id&quot;:&quot;category_menu&quot;, &quot;param&quot;:{&quot;categoryLabel&quot;:&quot;book&quot;} }">서양철학</a></li>   <li><a href="/np/categories/330519" data-log-props="{ &quot;id&quot;:&quot;category_menu&quot;, &quot;param&quot;:{&quot;categoryLabel&quot;:&quot;book&quot;} }">논리학</a></li>   <li><a href="/np/categories/330520" data-log-props="{ &quot;id&quot;:&quot;category_menu&quot;, &quot;param&quot;:{&quot;categoryLabel&quot;:&quot;book&quot;} }">윤리학</a></li>   <li><a href="/np/categories/497970" data-log-props="{ &quot;id&quot;:&quot;category_menu&quot;, &quot;param&quot;:{&quot;categoryLabel&quot;:&quot;book&quot;} }">비평/창작/이론</a></li> </ul></div></li>    <li class="second-depth-list more-category"><a href="/np/categories/317777">더보기</a></li>                                      </ul>
<span class="gnb-banner" style="background: #FFF">
<a class="category-banner-button" href="https://pages.coupang.com/p/141183" title="도서/음반/DVD" data-log-props="{ &quot;id&quot;:&quot;category_menu_banner&quot;, &quot;param&quot;:{&quot;categoryLabel&quot;:&quot;book&quot;} }">도서/음반/DVD</a>
		<img alt="도서/음반/DVD" data-banner-src="//image8.coupangcdn.com/image/displayitem/displayitem_f75ebcdb-1b36-43d6-b74c-4215eb33ce77.png" class="category-banner-image">
</span>

</div></div></li>







        <li class="hobby"><a href="/np/categories/317779" class="first-depth" data-log-props="{ &quot;id&quot;:&quot;category_menu&quot;, &quot;param&quot;:{&quot;categoryLabel&quot;:&quot;hobby&quot;} }">완구/취미<i class="select-icon"></i></a><div class="depth"><div class="depth-list banner third"><ul>   <li class="second-depth-list"><a href="/np/campaigns/21585" data-log-props="{ &quot;id&quot;:&quot;category_menu&quot;, &quot;param&quot;:{&quot;categoryLabel&quot;:&quot;hobby&quot;} }">브랜드컬렉션 </a><div class="third-depth-list"><ul></ul></div></li>     <li class="second-depth-list"><a href="/np/campaigns/20251" data-log-props="{ &quot;id&quot;:&quot;category_menu&quot;, &quot;param&quot;:{&quot;categoryLabel&quot;:&quot;hobby&quot;} }">캐릭터별완구 <i class="depth-select-icon"></i></a><div class="third-depth-list"><ul>  <li><a href="/np/campaigns/1850" data-log-props="{ &quot;id&quot;:&quot;category_menu&quot;, &quot;param&quot;:{&quot;categoryLabel&quot;:&quot;hobby&quot;} }">뽀로로</a></li>   <li><a href="/np/campaigns/20326" data-log-props="{ &quot;id&quot;:&quot;category_menu&quot;, &quot;param&quot;:{&quot;categoryLabel&quot;:&quot;hobby&quot;} }">타요</a></li>   <li><a href="/np/campaigns/20328" data-log-props="{ &quot;id&quot;:&quot;category_menu&quot;, &quot;param&quot;:{&quot;categoryLabel&quot;:&quot;hobby&quot;} }">수퍼윙스</a></li>   <li><a href="/np/campaigns/1578" data-log-props="{ &quot;id&quot;:&quot;category_menu&quot;, &quot;param&quot;:{&quot;categoryLabel&quot;:&quot;hobby&quot;} }">신비아파트</a></li>   <li><a href="/np/campaigns/1853" data-log-props="{ &quot;id&quot;:&quot;category_menu&quot;, &quot;param&quot;:{&quot;categoryLabel&quot;:&quot;hobby&quot;} }">콩순이</a></li>   <li><a href="/np/campaigns/20330" data-log-props="{ &quot;id&quot;:&quot;category_menu&quot;, &quot;param&quot;:{&quot;categoryLabel&quot;:&quot;hobby&quot;} }">시크릿쥬쥬</a></li>   <li><a href="/np/campaigns/234" data-log-props="{ &quot;id&quot;:&quot;category_menu&quot;, &quot;param&quot;:{&quot;categoryLabel&quot;:&quot;hobby&quot;} }">헬로카봇</a></li>   <li><a href="/np/campaigns/20332" data-log-props="{ &quot;id&quot;:&quot;category_menu&quot;, &quot;param&quot;:{&quot;categoryLabel&quot;:&quot;hobby&quot;} }">캐치티니핑</a></li>   <li><a href="/np/campaigns/20334" data-log-props="{ &quot;id&quot;:&quot;category_menu&quot;, &quot;param&quot;:{&quot;categoryLabel&quot;:&quot;hobby&quot;} }">파워레인저</a></li>   <li><a href="/np/campaigns/876" data-log-props="{ &quot;id&quot;:&quot;category_menu&quot;, &quot;param&quot;:{&quot;categoryLabel&quot;:&quot;hobby&quot;} }">베이블레이드</a></li>   <li><a href="/np/campaigns/1925" data-log-props="{ &quot;id&quot;:&quot;category_menu&quot;, &quot;param&quot;:{&quot;categoryLabel&quot;:&quot;hobby&quot;} }">실바니안패밀리</a></li>   <li><a href="/np/campaigns/20336" data-log-props="{ &quot;id&quot;:&quot;category_menu&quot;, &quot;param&quot;:{&quot;categoryLabel&quot;:&quot;hobby&quot;} }">미미</a></li>   <li><a href="/np/campaigns/20338" data-log-props="{ &quot;id&quot;:&quot;category_menu&quot;, &quot;param&quot;:{&quot;categoryLabel&quot;:&quot;hobby&quot;} }">포켓몬스터</a></li>  <li class="more-category"><a href="/np/campaigns/20251">더보기</a></li>                    </ul></div></li>     <li class="second-depth-list"><a href="/np/campaigns/872" data-log-props="{ &quot;id&quot;:&quot;category_menu&quot;, &quot;param&quot;:{&quot;categoryLabel&quot;:&quot;hobby&quot;} }">연령별완구 <i class="depth-select-icon"></i></a><div class="third-depth-list"><ul>  <li><a href="/np/campaigns/228" data-log-props="{ &quot;id&quot;:&quot;category_menu&quot;, &quot;param&quot;:{&quot;categoryLabel&quot;:&quot;hobby&quot;} }">24개월이하</a></li>   <li><a href="/np/campaigns/229" data-log-props="{ &quot;id&quot;:&quot;category_menu&quot;, &quot;param&quot;:{&quot;categoryLabel&quot;:&quot;hobby&quot;} }">2~5세</a></li>   <li><a href="/np/campaigns/230" data-log-props="{ &quot;id&quot;:&quot;category_menu&quot;, &quot;param&quot;:{&quot;categoryLabel&quot;:&quot;hobby&quot;} }">5~8세</a></li>   <li><a href="/np/campaigns/231" data-log-props="{ &quot;id&quot;:&quot;category_menu&quot;, &quot;param&quot;:{&quot;categoryLabel&quot;:&quot;hobby&quot;} }">8~12세</a></li>   <li><a href="/np/campaigns/232" data-log-props="{ &quot;id&quot;:&quot;category_menu&quot;, &quot;param&quot;:{&quot;categoryLabel&quot;:&quot;hobby&quot;} }">13세이상</a></li> </ul></div></li>     <li class="second-depth-list"><a href="/np/categories/331852" data-log-props="{ &quot;id&quot;:&quot;category_menu&quot;, &quot;param&quot;:{&quot;categoryLabel&quot;:&quot;hobby&quot;} }">로봇/작동완구 <i class="depth-select-icon"></i></a><div class="third-depth-list"><ul>  <li><a href="/np/categories/331853" data-log-props="{ &quot;id&quot;:&quot;category_menu&quot;, &quot;param&quot;:{&quot;categoryLabel&quot;:&quot;hobby&quot;} }">로봇</a></li>   <li><a href="/np/categories/331860" data-log-props="{ &quot;id&quot;:&quot;category_menu&quot;, &quot;param&quot;:{&quot;categoryLabel&quot;:&quot;hobby&quot;} }">베이블레이드/배틀팽이</a></li>   <li><a href="/np/categories/331864" data-log-props="{ &quot;id&quot;:&quot;category_menu&quot;, &quot;param&quot;:{&quot;categoryLabel&quot;:&quot;hobby&quot;} }">교통수단</a></li>   <li><a href="/np/categories/331873" data-log-props="{ &quot;id&quot;:&quot;category_menu&quot;, &quot;param&quot;:{&quot;categoryLabel&quot;:&quot;hobby&quot;} }">동물</a></li>   <li><a href="/np/categories/331874" data-log-props="{ &quot;id&quot;:&quot;category_menu&quot;, &quot;param&quot;:{&quot;categoryLabel&quot;:&quot;hobby&quot;} }">장난감총/칼</a></li>   <li><a href="/np/categories/331877" data-log-props="{ &quot;id&quot;:&quot;category_menu&quot;, &quot;param&quot;:{&quot;categoryLabel&quot;:&quot;hobby&quot;} }">작동완구</a></li>   <li><a href="/np/categories/331887" data-log-props="{ &quot;id&quot;:&quot;category_menu&quot;, &quot;param&quot;:{&quot;categoryLabel&quot;:&quot;hobby&quot;} }">어린이RC완구</a></li>   <li><a href="/np/categories/331898" data-log-props="{ &quot;id&quot;:&quot;category_menu&quot;, &quot;param&quot;:{&quot;categoryLabel&quot;:&quot;hobby&quot;} }">풀백장난감</a></li>   <li><a href="/np/categories/331899" data-log-props="{ &quot;id&quot;:&quot;category_menu&quot;, &quot;param&quot;:{&quot;categoryLabel&quot;:&quot;hobby&quot;} }">태엽장난감</a></li> </ul></div></li>     <li class="second-depth-list"><a href="/np/categories/331991" data-log-props="{ &quot;id&quot;:&quot;category_menu&quot;, &quot;param&quot;:{&quot;categoryLabel&quot;:&quot;hobby&quot;} }">학습완구/교구 <i class="depth-select-icon"></i></a><div class="third-depth-list"><ul>  <li><a href="/np/categories/331992" data-log-props="{ &quot;id&quot;:&quot;category_menu&quot;, &quot;param&quot;:{&quot;categoryLabel&quot;:&quot;hobby&quot;} }">과학/자연학습</a></li>   <li><a href="/np/categories/332054" data-log-props="{ &quot;id&quot;:&quot;category_menu&quot;, &quot;param&quot;:{&quot;categoryLabel&quot;:&quot;hobby&quot;} }">기술/공학완구</a></li>   <li><a href="/np/categories/332064" data-log-props="{ &quot;id&quot;:&quot;category_menu&quot;, &quot;param&quot;:{&quot;categoryLabel&quot;:&quot;hobby&quot;} }">미술/점토</a></li>   <li><a href="/np/categories/332124" data-log-props="{ &quot;id&quot;:&quot;category_menu&quot;, &quot;param&quot;:{&quot;categoryLabel&quot;:&quot;hobby&quot;} }">음악/악기놀이</a></li>   <li><a href="/np/categories/332148" data-log-props="{ &quot;id&quot;:&quot;category_menu&quot;, &quot;param&quot;:{&quot;categoryLabel&quot;:&quot;hobby&quot;} }">수학/도형완구</a></li>   <li><a href="/np/categories/332160" data-log-props="{ &quot;id&quot;:&quot;category_menu&quot;, &quot;param&quot;:{&quot;categoryLabel&quot;:&quot;hobby&quot;} }">언어학습완구</a></li>   <li><a href="/np/categories/332169" data-log-props="{ &quot;id&quot;:&quot;category_menu&quot;, &quot;param&quot;:{&quot;categoryLabel&quot;:&quot;hobby&quot;} }">학습카드</a></li>   <li><a href="/np/categories/332170" data-log-props="{ &quot;id&quot;:&quot;category_menu&quot;, &quot;param&quot;:{&quot;categoryLabel&quot;:&quot;hobby&quot;} }">학습벽보</a></li>   <li><a href="/np/categories/332171" data-log-props="{ &quot;id&quot;:&quot;category_menu&quot;, &quot;param&quot;:{&quot;categoryLabel&quot;:&quot;hobby&quot;} }">원목교구/가베</a></li>   <li><a href="/np/categories/332185" data-log-props="{ &quot;id&quot;:&quot;category_menu&quot;, &quot;param&quot;:{&quot;categoryLabel&quot;:&quot;hobby&quot;} }">퍼즐</a></li>   <li><a href="/np/categories/332208" data-log-props="{ &quot;id&quot;:&quot;category_menu&quot;, &quot;param&quot;:{&quot;categoryLabel&quot;:&quot;hobby&quot;} }">디지털학습완구</a></li>   <li><a href="/np/categories/332221" data-log-props="{ &quot;id&quot;:&quot;category_menu&quot;, &quot;param&quot;:{&quot;categoryLabel&quot;:&quot;hobby&quot;} }">자석/학습보드</a></li> </ul></div></li>     <li class="second-depth-list"><a href="/np/categories/373941" data-log-props="{ &quot;id&quot;:&quot;category_menu&quot;, &quot;param&quot;:{&quot;categoryLabel&quot;:&quot;hobby&quot;} }">STEAM완구 <i class="depth-select-icon"></i></a><div class="third-depth-list"><ul>  <li><a href="/np/categories/373947" data-log-props="{ &quot;id&quot;:&quot;category_menu&quot;, &quot;param&quot;:{&quot;categoryLabel&quot;:&quot;hobby&quot;} }">과학(S)</a></li>   <li><a href="/np/categories/373994" data-log-props="{ &quot;id&quot;:&quot;category_menu&quot;, &quot;param&quot;:{&quot;categoryLabel&quot;:&quot;hobby&quot;} }">기술(T)</a></li>   <li><a href="/np/categories/374010" data-log-props="{ &quot;id&quot;:&quot;category_menu&quot;, &quot;param&quot;:{&quot;categoryLabel&quot;:&quot;hobby&quot;} }">공학(E)</a></li>   <li><a href="/np/categories/374019" data-log-props="{ &quot;id&quot;:&quot;category_menu&quot;, &quot;param&quot;:{&quot;categoryLabel&quot;:&quot;hobby&quot;} }">예술(A)</a></li>   <li><a href="/np/categories/374067" data-log-props="{ &quot;id&quot;:&quot;category_menu&quot;, &quot;param&quot;:{&quot;categoryLabel&quot;:&quot;hobby&quot;} }">수학(M)</a></li> </ul></div></li>     <li class="second-depth-list"><a href="/np/categories/331900" data-log-props="{ &quot;id&quot;:&quot;category_menu&quot;, &quot;param&quot;:{&quot;categoryLabel&quot;:&quot;hobby&quot;} }">블록놀이 <i class="depth-select-icon"></i></a><div class="third-depth-list"><ul>  <li><a href="/np/categories/331901" data-log-props="{ &quot;id&quot;:&quot;category_menu&quot;, &quot;param&quot;:{&quot;categoryLabel&quot;:&quot;hobby&quot;} }">레고</a></li>   <li><a href="/np/categories/331904" data-log-props="{ &quot;id&quot;:&quot;category_menu&quot;, &quot;param&quot;:{&quot;categoryLabel&quot;:&quot;hobby&quot;} }">옥스포드</a></li>   <li><a href="/np/categories/331905" data-log-props="{ &quot;id&quot;:&quot;category_menu&quot;, &quot;param&quot;:{&quot;categoryLabel&quot;:&quot;hobby&quot;} }">나노블록</a></li>   <li><a href="/np/categories/331906" data-log-props="{ &quot;id&quot;:&quot;category_menu&quot;, &quot;param&quot;:{&quot;categoryLabel&quot;:&quot;hobby&quot;} }">플레이모빌</a></li>   <li><a href="/np/categories/331907" data-log-props="{ &quot;id&quot;:&quot;category_menu&quot;, &quot;param&quot;:{&quot;categoryLabel&quot;:&quot;hobby&quot;} }">사각/십자블록</a></li>   <li><a href="/np/categories/331908" data-log-props="{ &quot;id&quot;:&quot;category_menu&quot;, &quot;param&quot;:{&quot;categoryLabel&quot;:&quot;hobby&quot;} }">원목블록</a></li>   <li><a href="/np/categories/331909" data-log-props="{ &quot;id&quot;:&quot;category_menu&quot;, &quot;param&quot;:{&quot;categoryLabel&quot;:&quot;hobby&quot;} }">자석블록</a></li>   <li><a href="/np/categories/331910" data-log-props="{ &quot;id&quot;:&quot;category_menu&quot;, &quot;param&quot;:{&quot;categoryLabel&quot;:&quot;hobby&quot;} }">소프트블록</a></li>   <li><a href="/np/categories/331911" data-log-props="{ &quot;id&quot;:&quot;category_menu&quot;, &quot;param&quot;:{&quot;categoryLabel&quot;:&quot;hobby&quot;} }">벽돌블록/빅블록</a></li>   <li><a href="/np/categories/331912" data-log-props="{ &quot;id&quot;:&quot;category_menu&quot;, &quot;param&quot;:{&quot;categoryLabel&quot;:&quot;hobby&quot;} }">기어블록</a></li>   <li><a href="/np/categories/331913" data-log-props="{ &quot;id&quot;:&quot;category_menu&quot;, &quot;param&quot;:{&quot;categoryLabel&quot;:&quot;hobby&quot;} }">마블런/레일블록</a></li>   <li><a href="/np/categories/373745" data-log-props="{ &quot;id&quot;:&quot;category_menu&quot;, &quot;param&quot;:{&quot;categoryLabel&quot;:&quot;hobby&quot;} }">나사조립블록</a></li>   <li><a href="/np/categories/331914" data-log-props="{ &quot;id&quot;:&quot;category_menu&quot;, &quot;param&quot;:{&quot;categoryLabel&quot;:&quot;hobby&quot;} }">도미노</a></li> </ul></div></li>     <li class="second-depth-list"><a href="/np/categories/331940" data-log-props="{ &quot;id&quot;:&quot;category_menu&quot;, &quot;param&quot;:{&quot;categoryLabel&quot;:&quot;hobby&quot;} }">역할놀이 <i class="depth-select-icon"></i></a><div class="third-depth-list"><ul>  <li><a href="/np/categories/331941" data-log-props="{ &quot;id&quot;:&quot;category_menu&quot;, &quot;param&quot;:{&quot;categoryLabel&quot;:&quot;hobby&quot;} }">주방놀이</a></li>   <li><a href="/np/categories/331942" data-log-props="{ &quot;id&quot;:&quot;category_menu&quot;, &quot;param&quot;:{&quot;categoryLabel&quot;:&quot;hobby&quot;} }">소꿉놀이</a></li>   <li><a href="/np/categories/331943" data-log-props="{ &quot;id&quot;:&quot;category_menu&quot;, &quot;param&quot;:{&quot;categoryLabel&quot;:&quot;hobby&quot;} }">공구놀이</a></li>   <li><a href="/np/categories/331944" data-log-props="{ &quot;id&quot;:&quot;category_menu&quot;, &quot;param&quot;:{&quot;categoryLabel&quot;:&quot;hobby&quot;} }">마트/계산대놀이</a></li>   <li><a href="/np/categories/331945" data-log-props="{ &quot;id&quot;:&quot;category_menu&quot;, &quot;param&quot;:{&quot;categoryLabel&quot;:&quot;hobby&quot;} }">화장/꾸미기놀이</a></li>   <li><a href="/np/categories/331951" data-log-props="{ &quot;id&quot;:&quot;category_menu&quot;, &quot;param&quot;:{&quot;categoryLabel&quot;:&quot;hobby&quot;} }">아기돌보기놀이</a></li>   <li><a href="/np/categories/331954" data-log-props="{ &quot;id&quot;:&quot;category_menu&quot;, &quot;param&quot;:{&quot;categoryLabel&quot;:&quot;hobby&quot;} }">병원놀이</a></li>   <li><a href="/np/categories/331955" data-log-props="{ &quot;id&quot;:&quot;category_menu&quot;, &quot;param&quot;:{&quot;categoryLabel&quot;:&quot;hobby&quot;} }">청소놀이</a></li>   <li><a href="/np/categories/331956" data-log-props="{ &quot;id&quot;:&quot;category_menu&quot;, &quot;param&quot;:{&quot;categoryLabel&quot;:&quot;hobby&quot;} }">만들기토이</a></li>   <li><a href="/np/categories/331957" data-log-props="{ &quot;id&quot;:&quot;category_menu&quot;, &quot;param&quot;:{&quot;categoryLabel&quot;:&quot;hobby&quot;} }">악기놀이</a></li>   <li><a href="/np/categories/331967" data-log-props="{ &quot;id&quot;:&quot;category_menu&quot;, &quot;param&quot;:{&quot;categoryLabel&quot;:&quot;hobby&quot;} }">모래놀이</a></li>   <li><a href="/np/categories/331968" data-log-props="{ &quot;id&quot;:&quot;category_menu&quot;, &quot;param&quot;:{&quot;categoryLabel&quot;:&quot;hobby&quot;} }">낚시놀이</a></li>   <li><a href="/np/categories/331969" data-log-props="{ &quot;id&quot;:&quot;category_menu&quot;, &quot;param&quot;:{&quot;categoryLabel&quot;:&quot;hobby&quot;} }">장난감총/칼</a></li>  <li class="more-category"><a href="/np/categories/331940">더보기</a></li>              </ul></div></li>     <li class="second-depth-list"><a href="/np/categories/332699" data-log-props="{ &quot;id&quot;:&quot;category_menu&quot;, &quot;param&quot;:{&quot;categoryLabel&quot;:&quot;hobby&quot;} }">스포츠/야외완구 <i class="depth-select-icon"></i></a><div class="third-depth-list"><ul>  <li><a href="/np/categories/332700" data-log-props="{ &quot;id&quot;:&quot;category_menu&quot;, &quot;param&quot;:{&quot;categoryLabel&quot;:&quot;hobby&quot;} }">구기종목</a></li>   <li><a href="/np/categories/332711" data-log-props="{ &quot;id&quot;:&quot;category_menu&quot;, &quot;param&quot;:{&quot;categoryLabel&quot;:&quot;hobby&quot;} }">양궁/사격/다트</a></li>   <li><a href="/np/categories/332720" data-log-props="{ &quot;id&quot;:&quot;category_menu&quot;, &quot;param&quot;:{&quot;categoryLabel&quot;:&quot;hobby&quot;} }">유아동장난감총</a></li>   <li><a href="/np/categories/332721" data-log-props="{ &quot;id&quot;:&quot;category_menu&quot;, &quot;param&quot;:{&quot;categoryLabel&quot;:&quot;hobby&quot;} }">비누방울/버블건</a></li>   <li><a href="/np/categories/332722" data-log-props="{ &quot;id&quot;:&quot;category_menu&quot;, &quot;param&quot;:{&quot;categoryLabel&quot;:&quot;hobby&quot;} }">물총</a></li>   <li><a href="/np/categories/332723" data-log-props="{ &quot;id&quot;:&quot;category_menu&quot;, &quot;param&quot;:{&quot;categoryLabel&quot;:&quot;hobby&quot;} }">모래놀이</a></li>   <li><a href="/np/categories/332724" data-log-props="{ &quot;id&quot;:&quot;category_menu&quot;, &quot;param&quot;:{&quot;categoryLabel&quot;:&quot;hobby&quot;} }">자전거/승용완구</a></li>   <li><a href="/np/categories/332765" data-log-props="{ &quot;id&quot;:&quot;category_menu&quot;, &quot;param&quot;:{&quot;categoryLabel&quot;:&quot;hobby&quot;} }">트램펄린</a></li>   <li><a href="/np/categories/332766" data-log-props="{ &quot;id&quot;:&quot;category_menu&quot;, &quot;param&quot;:{&quot;categoryLabel&quot;:&quot;hobby&quot;} }">훌라후프/줄넘기</a></li>   <li><a href="/np/categories/332769" data-log-props="{ &quot;id&quot;:&quot;category_menu&quot;, &quot;param&quot;:{&quot;categoryLabel&quot;:&quot;hobby&quot;} }">펀치백</a></li>   <li><a href="/np/categories/332770" data-log-props="{ &quot;id&quot;:&quot;category_menu&quot;, &quot;param&quot;:{&quot;categoryLabel&quot;:&quot;hobby&quot;} }">점핑볼</a></li>   <li><a href="/np/categories/332771" data-log-props="{ &quot;id&quot;:&quot;category_menu&quot;, &quot;param&quot;:{&quot;categoryLabel&quot;:&quot;hobby&quot;} }">캐치볼/원반던지기</a></li>   <li><a href="/np/categories/332775" data-log-props="{ &quot;id&quot;:&quot;category_menu&quot;, &quot;param&quot;:{&quot;categoryLabel&quot;:&quot;hobby&quot;} }">요요/액세서리</a></li>  <li class="more-category"><a href="/np/categories/332699">더보기</a></li>        </ul></div></li>     <li class="second-depth-list"><a href="/np/categories/331793" data-log-props="{ &quot;id&quot;:&quot;category_menu&quot;, &quot;param&quot;:{&quot;categoryLabel&quot;:&quot;hobby&quot;} }">신생아/영아완구 <i class="depth-select-icon"></i></a><div class="third-depth-list"><ul>  <li><a href="/np/categories/331794" data-log-props="{ &quot;id&quot;:&quot;category_menu&quot;, &quot;param&quot;:{&quot;categoryLabel&quot;:&quot;hobby&quot;} }">모빌</a></li>   <li><a href="/np/categories/331795" data-log-props="{ &quot;id&quot;:&quot;category_menu&quot;, &quot;param&quot;:{&quot;categoryLabel&quot;:&quot;hobby&quot;} }">초점책/헝겊책</a></li>   <li><a href="/np/categories/331796" data-log-props="{ &quot;id&quot;:&quot;category_menu&quot;, &quot;param&quot;:{&quot;categoryLabel&quot;:&quot;hobby&quot;} }">딸랑이</a></li>   <li><a href="/np/categories/331797" data-log-props="{ &quot;id&quot;:&quot;category_menu&quot;, &quot;param&quot;:{&quot;categoryLabel&quot;:&quot;hobby&quot;} }">치발기/케이스</a></li>   <li><a href="/np/categories/331801" data-log-props="{ &quot;id&quot;:&quot;category_menu&quot;, &quot;param&quot;:{&quot;categoryLabel&quot;:&quot;hobby&quot;} }">오뚝이</a></li>   <li><a href="/np/categories/331802" data-log-props="{ &quot;id&quot;:&quot;category_menu&quot;, &quot;param&quot;:{&quot;categoryLabel&quot;:&quot;hobby&quot;} }">멜로디/러닝완구</a></li>   <li><a href="/np/categories/331808" data-log-props="{ &quot;id&quot;:&quot;category_menu&quot;, &quot;param&quot;:{&quot;categoryLabel&quot;:&quot;hobby&quot;} }">목욕놀이완구</a></li>   <li><a href="/np/categories/331809" data-log-props="{ &quot;id&quot;:&quot;category_menu&quot;, &quot;param&quot;:{&quot;categoryLabel&quot;:&quot;hobby&quot;} }">애착/수면인형</a></li>   <li><a href="/np/categories/331810" data-log-props="{ &quot;id&quot;:&quot;category_menu&quot;, &quot;param&quot;:{&quot;categoryLabel&quot;:&quot;hobby&quot;} }">아기공</a></li>   <li><a href="/np/categories/331811" data-log-props="{ &quot;id&quot;:&quot;category_menu&quot;, &quot;param&quot;:{&quot;categoryLabel&quot;:&quot;hobby&quot;} }">아기체육관/러닝홈</a></li>   <li><a href="/np/categories/331812" data-log-props="{ &quot;id&quot;:&quot;category_menu&quot;, &quot;param&quot;:{&quot;categoryLabel&quot;:&quot;hobby&quot;} }">바운서</a></li>   <li><a href="/np/categories/331813" data-log-props="{ &quot;id&quot;:&quot;category_menu&quot;, &quot;param&quot;:{&quot;categoryLabel&quot;:&quot;hobby&quot;} }">쏘서/점퍼루/보행기</a></li>   <li><a href="/np/categories/331817" data-log-props="{ &quot;id&quot;:&quot;category_menu&quot;, &quot;param&quot;:{&quot;categoryLabel&quot;:&quot;hobby&quot;} }">걸음마보조기</a></li>  <li class="more-category"><a href="/np/categories/331793">더보기</a></li>                             </ul></div></li>     <li class="second-depth-list"><a href="/np/categories/332230" data-log-props="{ &quot;id&quot;:&quot;category_menu&quot;, &quot;param&quot;:{&quot;categoryLabel&quot;:&quot;hobby&quot;} }">보드게임 <i class="depth-select-icon"></i></a><div class="third-depth-list"><ul>  <li><a href="/np/categories/332237" data-log-props="{ &quot;id&quot;:&quot;category_menu&quot;, &quot;param&quot;:{&quot;categoryLabel&quot;:&quot;hobby&quot;} }">멘사추천/학습게임</a></li>   <li><a href="/np/categories/332245" data-log-props="{ &quot;id&quot;:&quot;category_menu&quot;, &quot;param&quot;:{&quot;categoryLabel&quot;:&quot;hobby&quot;} }">두뇌게임</a></li>   <li><a href="/np/categories/332251" data-log-props="{ &quot;id&quot;:&quot;category_menu&quot;, &quot;param&quot;:{&quot;categoryLabel&quot;:&quot;hobby&quot;} }">균형/순발력게임</a></li>   <li><a href="/np/categories/332255" data-log-props="{ &quot;id&quot;:&quot;category_menu&quot;, &quot;param&quot;:{&quot;categoryLabel&quot;:&quot;hobby&quot;} }">추리/전략게임</a></li>   <li><a href="/np/categories/332258" data-log-props="{ &quot;id&quot;:&quot;category_menu&quot;, &quot;param&quot;:{&quot;categoryLabel&quot;:&quot;hobby&quot;} }">복불복/룰렛게임</a></li>   <li><a href="/np/categories/332267" data-log-props="{ &quot;id&quot;:&quot;category_menu&quot;, &quot;param&quot;:{&quot;categoryLabel&quot;:&quot;hobby&quot;} }">캐릭터/마술/타로카드</a></li>   <li><a href="/np/categories/332272" data-log-props="{ &quot;id&quot;:&quot;category_menu&quot;, &quot;param&quot;:{&quot;categoryLabel&quot;:&quot;hobby&quot;} }">스포츠/액션게임</a></li>   <li><a href="/np/categories/332291" data-log-props="{ &quot;id&quot;:&quot;category_menu&quot;, &quot;param&quot;:{&quot;categoryLabel&quot;:&quot;hobby&quot;} }">바둑/체스/윷놀이</a></li>   <li><a href="/np/categories/332306" data-log-props="{ &quot;id&quot;:&quot;category_menu&quot;, &quot;param&quot;:{&quot;categoryLabel&quot;:&quot;hobby&quot;} }">화투/트럼프/마작</a></li>   <li><a href="/np/categories/332323" data-log-props="{ &quot;id&quot;:&quot;category_menu&quot;, &quot;param&quot;:{&quot;categoryLabel&quot;:&quot;hobby&quot;} }">기타보드게임</a></li>   <li><a href="/np/categories/502705" data-log-props="{ &quot;id&quot;:&quot;category_menu&quot;, &quot;param&quot;:{&quot;categoryLabel&quot;:&quot;hobby&quot;} }">보드게임액세서리</a></li> </ul></div></li>     <li class="second-depth-list"><a href="/np/categories/332324" data-log-props="{ &quot;id&quot;:&quot;category_menu&quot;, &quot;param&quot;:{&quot;categoryLabel&quot;:&quot;hobby&quot;} }">퍼즐/큐브/피젯토이 <i class="depth-select-icon"></i></a><div class="third-depth-list"><ul>  <li><a href="/np/categories/332325" data-log-props="{ &quot;id&quot;:&quot;category_menu&quot;, &quot;param&quot;:{&quot;categoryLabel&quot;:&quot;hobby&quot;} }">직소퍼즐</a></li>   <li><a href="/np/categories/332326" data-log-props="{ &quot;id&quot;:&quot;category_menu&quot;, &quot;param&quot;:{&quot;categoryLabel&quot;:&quot;hobby&quot;} }">구슬퍼즐</a></li>   <li><a href="/np/categories/332327" data-log-props="{ &quot;id&quot;:&quot;category_menu&quot;, &quot;param&quot;:{&quot;categoryLabel&quot;:&quot;hobby&quot;} }">입체퍼즐</a></li>   <li><a href="/np/categories/332328" data-log-props="{ &quot;id&quot;:&quot;category_menu&quot;, &quot;param&quot;:{&quot;categoryLabel&quot;:&quot;hobby&quot;} }">유아동퍼즐</a></li>   <li><a href="/np/categories/332352" data-log-props="{ &quot;id&quot;:&quot;category_menu&quot;, &quot;param&quot;:{&quot;categoryLabel&quot;:&quot;hobby&quot;} }">캐스트/유레카퍼즐</a></li>   <li><a href="/np/categories/332356" data-log-props="{ &quot;id&quot;:&quot;category_menu&quot;, &quot;param&quot;:{&quot;categoryLabel&quot;:&quot;hobby&quot;} }">IQ퍼즐/스도쿠</a></li>   <li><a href="/np/categories/332357" data-log-props="{ &quot;id&quot;:&quot;category_menu&quot;, &quot;param&quot;:{&quot;categoryLabel&quot;:&quot;hobby&quot;} }">퍼즐액세서리</a></li>   <li><a href="/np/categories/332363" data-log-props="{ &quot;id&quot;:&quot;category_menu&quot;, &quot;param&quot;:{&quot;categoryLabel&quot;:&quot;hobby&quot;} }">큐브</a></li>   <li><a href="/np/categories/332373" data-log-props="{ &quot;id&quot;:&quot;category_menu&quot;, &quot;param&quot;:{&quot;categoryLabel&quot;:&quot;hobby&quot;} }">피젯토이</a></li> </ul></div></li>     <li class="second-depth-list"><a href="/np/categories/332380" data-log-props="{ &quot;id&quot;:&quot;category_menu&quot;, &quot;param&quot;:{&quot;categoryLabel&quot;:&quot;hobby&quot;} }">RC완구/부품 <i class="depth-select-icon"></i></a><div class="third-depth-list"><ul>  <li><a href="/np/categories/332388" data-log-props="{ &quot;id&quot;:&quot;category_menu&quot;, &quot;param&quot;:{&quot;categoryLabel&quot;:&quot;hobby&quot;} }">RC드론/쿼드콥터</a></li>   <li><a href="/np/categories/382668" data-log-props="{ &quot;id&quot;:&quot;category_menu&quot;, &quot;param&quot;:{&quot;categoryLabel&quot;:&quot;hobby&quot;} }">RC카</a></li>   <li><a href="/np/categories/332391" data-log-props="{ &quot;id&quot;:&quot;category_menu&quot;, &quot;param&quot;:{&quot;categoryLabel&quot;:&quot;hobby&quot;} }">RC헬기/비행기</a></li>   <li><a href="/np/categories/332392" data-log-props="{ &quot;id&quot;:&quot;category_menu&quot;, &quot;param&quot;:{&quot;categoryLabel&quot;:&quot;hobby&quot;} }">RC보트/잠수함</a></li>   <li><a href="/np/categories/332393" data-log-props="{ &quot;id&quot;:&quot;category_menu&quot;, &quot;param&quot;:{&quot;categoryLabel&quot;:&quot;hobby&quot;} }">RC탱크</a></li>   <li><a href="/np/categories/332394" data-log-props="{ &quot;id&quot;:&quot;category_menu&quot;, &quot;param&quot;:{&quot;categoryLabel&quot;:&quot;hobby&quot;} }">RC바이크/오토바이</a></li>   <li><a href="/np/categories/332395" data-log-props="{ &quot;id&quot;:&quot;category_menu&quot;, &quot;param&quot;:{&quot;categoryLabel&quot;:&quot;hobby&quot;} }">RC로봇</a></li>   <li><a href="/np/categories/332396" data-log-props="{ &quot;id&quot;:&quot;category_menu&quot;, &quot;param&quot;:{&quot;categoryLabel&quot;:&quot;hobby&quot;} }">RC부품/액세서리</a></li>   <li><a href="/np/categories/332480" data-log-props="{ &quot;id&quot;:&quot;category_menu&quot;, &quot;param&quot;:{&quot;categoryLabel&quot;:&quot;hobby&quot;} }">어린이RC완구</a></li> </ul></div></li>     <li class="second-depth-list"><a href="/np/categories/332576" data-log-props="{ &quot;id&quot;:&quot;category_menu&quot;, &quot;param&quot;:{&quot;categoryLabel&quot;:&quot;hobby&quot;} }">피규어/다이캐스트 <i class="depth-select-icon"></i></a><div class="third-depth-list"><ul>  <li><a href="/np/categories/332577" data-log-props="{ &quot;id&quot;:&quot;category_menu&quot;, &quot;param&quot;:{&quot;categoryLabel&quot;:&quot;hobby&quot;} }">원피스피규어</a></li>   <li><a href="/np/categories/332592" data-log-props="{ &quot;id&quot;:&quot;category_menu&quot;, &quot;param&quot;:{&quot;categoryLabel&quot;:&quot;hobby&quot;} }">인물피규어</a></li>   <li><a href="/np/categories/497980" data-log-props="{ &quot;id&quot;:&quot;category_menu&quot;, &quot;param&quot;:{&quot;categoryLabel&quot;:&quot;hobby&quot;} }">동물/공룡피규어</a></li>   <li><a href="/np/categories/332584" data-log-props="{ &quot;id&quot;:&quot;category_menu&quot;, &quot;param&quot;:{&quot;categoryLabel&quot;:&quot;hobby&quot;} }">실바니안피규어</a></li>   <li><a href="/np/categories/332588" data-log-props="{ &quot;id&quot;:&quot;category_menu&quot;, &quot;param&quot;:{&quot;categoryLabel&quot;:&quot;hobby&quot;} }">게임/영화피규어</a></li>   <li><a href="/np/categories/462201" data-log-props="{ &quot;id&quot;:&quot;category_menu&quot;, &quot;param&quot;:{&quot;categoryLabel&quot;:&quot;hobby&quot;} }">애니메이션피규어</a></li>   <li><a href="/np/categories/462202" data-log-props="{ &quot;id&quot;:&quot;category_menu&quot;, &quot;param&quot;:{&quot;categoryLabel&quot;:&quot;hobby&quot;} }">성인캐릭터피규어</a></li>   <li><a href="/np/categories/462203" data-log-props="{ &quot;id&quot;:&quot;category_menu&quot;, &quot;param&quot;:{&quot;categoryLabel&quot;:&quot;hobby&quot;} }">성인용(19)피규어</a></li>   <li><a href="/np/categories/332595" data-log-props="{ &quot;id&quot;:&quot;category_menu&quot;, &quot;param&quot;:{&quot;categoryLabel&quot;:&quot;hobby&quot;} }">건물피규어</a></li>   <li><a href="/np/categories/332590" data-log-props="{ &quot;id&quot;:&quot;category_menu&quot;, &quot;param&quot;:{&quot;categoryLabel&quot;:&quot;hobby&quot;} }">로봇피규어</a></li>   <li><a href="/np/categories/332594" data-log-props="{ &quot;id&quot;:&quot;category_menu&quot;, &quot;param&quot;:{&quot;categoryLabel&quot;:&quot;hobby&quot;} }">교통수단피규어</a></li>   <li><a href="/np/categories/332589" data-log-props="{ &quot;id&quot;:&quot;category_menu&quot;, &quot;param&quot;:{&quot;categoryLabel&quot;:&quot;hobby&quot;} }">밀리터리피규어</a></li>   <li><a href="/np/categories/332591" data-log-props="{ &quot;id&quot;:&quot;category_menu&quot;, &quot;param&quot;:{&quot;categoryLabel&quot;:&quot;hobby&quot;} }">스포츠피규어</a></li>  <li class="more-category"><a href="/np/categories/332576">더보기</a></li>              </ul></div></li>     <li class="second-depth-list"><a href="/np/campaigns/4659" data-log-props="{ &quot;id&quot;:&quot;category_menu&quot;, &quot;param&quot;:{&quot;categoryLabel&quot;:&quot;hobby&quot;} }">키덜트샵 </a><div class="third-depth-list"><ul></ul></div></li>     <li class="second-depth-list"><a href="/np/categories/332492" data-log-props="{ &quot;id&quot;:&quot;category_menu&quot;, &quot;param&quot;:{&quot;categoryLabel&quot;:&quot;hobby&quot;} }">프라모델 <i class="depth-select-icon"></i></a><div class="third-depth-list"><ul>  <li><a href="/np/categories/332493" data-log-props="{ &quot;id&quot;:&quot;category_menu&quot;, &quot;param&quot;:{&quot;categoryLabel&quot;:&quot;hobby&quot;} }">건담</a></li>   <li><a href="/np/categories/332494" data-log-props="{ &quot;id&quot;:&quot;category_menu&quot;, &quot;param&quot;:{&quot;categoryLabel&quot;:&quot;hobby&quot;} }">탱크/지프/밀리터리</a></li>   <li><a href="/np/categories/332501" data-log-props="{ &quot;id&quot;:&quot;category_menu&quot;, &quot;param&quot;:{&quot;categoryLabel&quot;:&quot;hobby&quot;} }">자동차/트럭/기차</a></li>   <li><a href="/np/categories/332510" data-log-props="{ &quot;id&quot;:&quot;category_menu&quot;, &quot;param&quot;:{&quot;categoryLabel&quot;:&quot;hobby&quot;} }">비행기/전투기/헬기</a></li>   <li><a href="/np/categories/332515" data-log-props="{ &quot;id&quot;:&quot;category_menu&quot;, &quot;param&quot;:{&quot;categoryLabel&quot;:&quot;hobby&quot;} }">배/전함/잠수함</a></li>   <li><a href="/np/categories/332522" data-log-props="{ &quot;id&quot;:&quot;category_menu&quot;, &quot;param&quot;:{&quot;categoryLabel&quot;:&quot;hobby&quot;} }">건물/빌딩/성</a></li>   <li><a href="/np/categories/332523" data-log-props="{ &quot;id&quot;:&quot;category_menu&quot;, &quot;param&quot;:{&quot;categoryLabel&quot;:&quot;hobby&quot;} }">로봇/우주선</a></li>   <li><a href="/np/categories/332524" data-log-props="{ &quot;id&quot;:&quot;category_menu&quot;, &quot;param&quot;:{&quot;categoryLabel&quot;:&quot;hobby&quot;} }">캐릭터/애니메이션</a></li>   <li><a href="/np/categories/332525" data-log-props="{ &quot;id&quot;:&quot;category_menu&quot;, &quot;param&quot;:{&quot;categoryLabel&quot;:&quot;hobby&quot;} }">공룡/동물</a></li>   <li><a href="/np/categories/332526" data-log-props="{ &quot;id&quot;:&quot;category_menu&quot;, &quot;param&quot;:{&quot;categoryLabel&quot;:&quot;hobby&quot;} }">4WD미니카</a></li>   <li><a href="/np/categories/332533" data-log-props="{ &quot;id&quot;:&quot;category_menu&quot;, &quot;param&quot;:{&quot;categoryLabel&quot;:&quot;hobby&quot;} }">디오라마재료</a></li>   <li><a href="/np/categories/402318" data-log-props="{ &quot;id&quot;:&quot;category_menu&quot;, &quot;param&quot;:{&quot;categoryLabel&quot;:&quot;hobby&quot;} }">도료/공구/기타</a></li>   <li><a href="/np/categories/332571" data-log-props="{ &quot;id&quot;:&quot;category_menu&quot;, &quot;param&quot;:{&quot;categoryLabel&quot;:&quot;hobby&quot;} }">서바이벌건/BB탄총</a></li>  <li class="more-category"><a href="/np/categories/332492">더보기</a></li>  </ul></div></li>    <li class="second-depth-list more-category"><a href="/np/categories/317779">더보기</a></li>                                                </ul>
<span class="gnb-banner" style="background: #FFF">
<a class="category-banner-button" href="https://pages.coupang.com/p/130560" title="완구/취미" data-log-props="{ &quot;id&quot;:&quot;category_menu_banner&quot;, &quot;param&quot;:{&quot;categoryLabel&quot;:&quot;hobby&quot;} }">완구/취미</a>
		<img alt="완구/취미" data-banner-src="//image7.coupangcdn.com/image/displayitem/displayitem_2eee79ba-3065-47b5-b0cb-32ac0b5745d4.jpg" class="category-banner-image">
</span>

</div></div></li>







        <li class="office"><a href="/np/categories/177295" class="first-depth" data-log-props="{ &quot;id&quot;:&quot;category_menu&quot;, &quot;param&quot;:{&quot;categoryLabel&quot;:&quot;office&quot;} }">문구/오피스<i class="select-icon"></i></a><div class="depth"><div class="depth-list banner third"><ul>   <li class="second-depth-list"><a href="/np/categories/408063" data-log-props="{ &quot;id&quot;:&quot;category_menu&quot;, &quot;param&quot;:{&quot;categoryLabel&quot;:&quot;office&quot;} }">사무용품 전문관 <i class="depth-select-icon"></i></a><div class="third-depth-list"><ul>  <li><a href="/np/categories/408064" data-log-props="{ &quot;id&quot;:&quot;category_menu&quot;, &quot;param&quot;:{&quot;categoryLabel&quot;:&quot;office&quot;} }">사무용문구</a></li>   <li><a href="/np/categories/408126" data-log-props="{ &quot;id&quot;:&quot;category_menu&quot;, &quot;param&quot;:{&quot;categoryLabel&quot;:&quot;office&quot;} }">파일/바인더</a></li>   <li><a href="/np/categories/408145" data-log-props="{ &quot;id&quot;:&quot;category_menu&quot;, &quot;param&quot;:{&quot;categoryLabel&quot;:&quot;office&quot;} }">사무용지/복사지</a></li>   <li><a href="/np/categories/408179" data-log-props="{ &quot;id&quot;:&quot;category_menu&quot;, &quot;param&quot;:{&quot;categoryLabel&quot;:&quot;office&quot;} }">데스크정리소품</a></li>   <li><a href="/np/categories/408193" data-log-props="{ &quot;id&quot;:&quot;category_menu&quot;, &quot;param&quot;:{&quot;categoryLabel&quot;:&quot;office&quot;} }">보드/칠판/광고</a></li>   <li><a href="/np/categories/408209" data-log-props="{ &quot;id&quot;:&quot;category_menu&quot;, &quot;param&quot;:{&quot;categoryLabel&quot;:&quot;office&quot;} }">봉투/포장용품</a></li>   <li><a href="/np/categories/408225" data-log-props="{ &quot;id&quot;:&quot;category_menu&quot;, &quot;param&quot;:{&quot;categoryLabel&quot;:&quot;office&quot;} }">디지털/사무기기</a></li>   <li><a href="/np/categories/408275" data-log-props="{ &quot;id&quot;:&quot;category_menu&quot;, &quot;param&quot;:{&quot;categoryLabel&quot;:&quot;office&quot;} }">사무용가구/수납</a></li> </ul></div></li>     <li class="second-depth-list"><a href="/np/categories/401900" data-log-props="{ &quot;id&quot;:&quot;category_menu&quot;, &quot;param&quot;:{&quot;categoryLabel&quot;:&quot;office&quot;} }">미술/화방용품 <i class="depth-select-icon"></i></a><div class="third-depth-list"><ul>  <li><a href="/np/categories/401901" data-log-props="{ &quot;id&quot;:&quot;category_menu&quot;, &quot;param&quot;:{&quot;categoryLabel&quot;:&quot;office&quot;} }">수채화</a></li>   <li><a href="/np/categories/401909" data-log-props="{ &quot;id&quot;:&quot;category_menu&quot;, &quot;param&quot;:{&quot;categoryLabel&quot;:&quot;office&quot;} }">유화</a></li>   <li><a href="/np/categories/401926" data-log-props="{ &quot;id&quot;:&quot;category_menu&quot;, &quot;param&quot;:{&quot;categoryLabel&quot;:&quot;office&quot;} }">아크릴화</a></li>   <li><a href="/np/categories/401939" data-log-props="{ &quot;id&quot;:&quot;category_menu&quot;, &quot;param&quot;:{&quot;categoryLabel&quot;:&quot;office&quot;} }">디자인/구성</a></li>   <li><a href="/np/categories/401947" data-log-props="{ &quot;id&quot;:&quot;category_menu&quot;, &quot;param&quot;:{&quot;categoryLabel&quot;:&quot;office&quot;} }">동양화/서예</a></li>   <li><a href="/np/categories/401964" data-log-props="{ &quot;id&quot;:&quot;category_menu&quot;, &quot;param&quot;:{&quot;categoryLabel&quot;:&quot;office&quot;} }">조소/도예/판화</a></li>   <li><a href="/np/categories/401991" data-log-props="{ &quot;id&quot;:&quot;category_menu&quot;, &quot;param&quot;:{&quot;categoryLabel&quot;:&quot;office&quot;} }">지류/스케치북</a></li>   <li><a href="/np/categories/402011" data-log-props="{ &quot;id&quot;:&quot;category_menu&quot;, &quot;param&quot;:{&quot;categoryLabel&quot;:&quot;office&quot;} }">캔버스/판넬</a></li>   <li><a href="/np/categories/402016" data-log-props="{ &quot;id&quot;:&quot;category_menu&quot;, &quot;param&quot;:{&quot;categoryLabel&quot;:&quot;office&quot;} }">드로잉/채색도구</a></li>   <li><a href="/np/categories/402059" data-log-props="{ &quot;id&quot;:&quot;category_menu&quot;, &quot;param&quot;:{&quot;categoryLabel&quot;:&quot;office&quot;} }">붓</a></li>   <li><a href="/np/categories/402074" data-log-props="{ &quot;id&quot;:&quot;category_menu&quot;, &quot;param&quot;:{&quot;categoryLabel&quot;:&quot;office&quot;} }">파스텔/콩테/목탄</a></li>   <li><a href="/np/categories/402081" data-log-props="{ &quot;id&quot;:&quot;category_menu&quot;, &quot;param&quot;:{&quot;categoryLabel&quot;:&quot;office&quot;} }">캘리그라피</a></li>   <li><a href="/np/categories/402092" data-log-props="{ &quot;id&quot;:&quot;category_menu&quot;, &quot;param&quot;:{&quot;categoryLabel&quot;:&quot;office&quot;} }">애니메이션/만화</a></li>  <li class="more-category"><a href="/np/categories/401900">더보기</a></li>              </ul></div></li>     <li class="second-depth-list"><a href="/np/categories/359731" data-log-props="{ &quot;id&quot;:&quot;category_menu&quot;, &quot;param&quot;:{&quot;categoryLabel&quot;:&quot;office&quot;} }">캐릭터 문구 <i class="depth-select-icon"></i></a><div class="third-depth-list"><ul>  <li><a href="/np/categories/359732" data-log-props="{ &quot;id&quot;:&quot;category_menu&quot;, &quot;param&quot;:{&quot;categoryLabel&quot;:&quot;office&quot;} }">카카오프렌즈</a></li>   <li><a href="/np/categories/379723" data-log-props="{ &quot;id&quot;:&quot;category_menu&quot;, &quot;param&quot;:{&quot;categoryLabel&quot;:&quot;office&quot;} }">핑크퐁</a></li>   <li><a href="/np/categories/359733" data-log-props="{ &quot;id&quot;:&quot;category_menu&quot;, &quot;param&quot;:{&quot;categoryLabel&quot;:&quot;office&quot;} }">뽀로로</a></li>   <li><a href="/np/categories/359736" data-log-props="{ &quot;id&quot;:&quot;category_menu&quot;, &quot;param&quot;:{&quot;categoryLabel&quot;:&quot;office&quot;} }">리락쿠마</a></li>   <li><a href="/np/categories/443129" data-log-props="{ &quot;id&quot;:&quot;category_menu&quot;, &quot;param&quot;:{&quot;categoryLabel&quot;:&quot;office&quot;} }">엉덩이탐정</a></li>   <li><a href="/np/categories/359735" data-log-props="{ &quot;id&quot;:&quot;category_menu&quot;, &quot;param&quot;:{&quot;categoryLabel&quot;:&quot;office&quot;} }">디즈니</a></li>   <li><a href="/np/categories/359745" data-log-props="{ &quot;id&quot;:&quot;category_menu&quot;, &quot;param&quot;:{&quot;categoryLabel&quot;:&quot;office&quot;} }">포켓몬스터</a></li>   <li><a href="/np/categories/443130" data-log-props="{ &quot;id&quot;:&quot;category_menu&quot;, &quot;param&quot;:{&quot;categoryLabel&quot;:&quot;office&quot;} }">짱구는 못말려</a></li>   <li><a href="/np/categories/359734" data-log-props="{ &quot;id&quot;:&quot;category_menu&quot;, &quot;param&quot;:{&quot;categoryLabel&quot;:&quot;office&quot;} }">헬로키티</a></li>   <li><a href="/np/categories/443131" data-log-props="{ &quot;id&quot;:&quot;category_menu&quot;, &quot;param&quot;:{&quot;categoryLabel&quot;:&quot;office&quot;} }">BT21</a></li>   <li><a href="/np/categories/366893" data-log-props="{ &quot;id&quot;:&quot;category_menu&quot;, &quot;param&quot;:{&quot;categoryLabel&quot;:&quot;office&quot;} }">마블/DC</a></li>   <li><a href="/np/categories/359750" data-log-props="{ &quot;id&quot;:&quot;category_menu&quot;, &quot;param&quot;:{&quot;categoryLabel&quot;:&quot;office&quot;} }">에비츄</a></li>   <li><a href="/np/categories/359740" data-log-props="{ &quot;id&quot;:&quot;category_menu&quot;, &quot;param&quot;:{&quot;categoryLabel&quot;:&quot;office&quot;} }">빨강머리 앤</a></li>  <li class="more-category"><a href="/np/categories/359731">더보기</a></li>                    </ul></div></li>     <li class="second-depth-list"><a href="/np/categories/178098" data-log-props="{ &quot;id&quot;:&quot;category_menu&quot;, &quot;param&quot;:{&quot;categoryLabel&quot;:&quot;office&quot;} }">학용품/수업준비 <i class="depth-select-icon"></i></a><div class="third-depth-list"><ul>  <li><a href="/np/categories/373322" data-log-props="{ &quot;id&quot;:&quot;category_menu&quot;, &quot;param&quot;:{&quot;categoryLabel&quot;:&quot;office&quot;} }">필기용품</a></li>   <li><a href="/np/categories/178100" data-log-props="{ &quot;id&quot;:&quot;category_menu&quot;, &quot;param&quot;:{&quot;categoryLabel&quot;:&quot;office&quot;} }">노트</a></li>   <li><a href="/np/categories/373365" data-log-props="{ &quot;id&quot;:&quot;category_menu&quot;, &quot;param&quot;:{&quot;categoryLabel&quot;:&quot;office&quot;} }">메모지/수첩</a></li>   <li><a href="/np/categories/178113" data-log-props="{ &quot;id&quot;:&quot;category_menu&quot;, &quot;param&quot;:{&quot;categoryLabel&quot;:&quot;office&quot;} }">학용품세트</a></li>   <li><a href="/np/categories/373372" data-log-props="{ &quot;id&quot;:&quot;category_menu&quot;, &quot;param&quot;:{&quot;categoryLabel&quot;:&quot;office&quot;} }">파일</a></li>   <li><a href="/np/categories/178114" data-log-props="{ &quot;id&quot;:&quot;category_menu&quot;, &quot;param&quot;:{&quot;categoryLabel&quot;:&quot;office&quot;} }">네임스티커/명찰</a></li>   <li><a href="/np/categories/178123" data-log-props="{ &quot;id&quot;:&quot;category_menu&quot;, &quot;param&quot;:{&quot;categoryLabel&quot;:&quot;office&quot;} }">지구본/지도</a></li>   <li><a href="/np/categories/382074" data-log-props="{ &quot;id&quot;:&quot;category_menu&quot;, &quot;param&quot;:{&quot;categoryLabel&quot;:&quot;office&quot;} }">과학시간</a></li>   <li><a href="/np/categories/178151" data-log-props="{ &quot;id&quot;:&quot;category_menu&quot;, &quot;param&quot;:{&quot;categoryLabel&quot;:&quot;office&quot;} }">수학시간</a></li>   <li><a href="/np/categories/178167" data-log-props="{ &quot;id&quot;:&quot;category_menu&quot;, &quot;param&quot;:{&quot;categoryLabel&quot;:&quot;office&quot;} }">미술시간</a></li>   <li><a href="/np/categories/178226" data-log-props="{ &quot;id&quot;:&quot;category_menu&quot;, &quot;param&quot;:{&quot;categoryLabel&quot;:&quot;office&quot;} }">음악시간</a></li>   <li><a href="/np/categories/178242" data-log-props="{ &quot;id&quot;:&quot;category_menu&quot;, &quot;param&quot;:{&quot;categoryLabel&quot;:&quot;office&quot;} }">체육시간</a></li>   <li><a href="/np/categories/373384" data-log-props="{ &quot;id&quot;:&quot;category_menu&quot;, &quot;param&quot;:{&quot;categoryLabel&quot;:&quot;office&quot;} }">학년별 준비물</a></li>  <li class="more-category"><a href="/np/categories/178098">더보기</a></li>  </ul></div></li>     <li class="second-depth-list"><a href="/np/categories/177297" data-log-props="{ &quot;id&quot;:&quot;category_menu&quot;, &quot;param&quot;:{&quot;categoryLabel&quot;:&quot;office&quot;} }">필기류 <i class="depth-select-icon"></i></a><div class="third-depth-list"><ul>  <li><a href="/np/categories/177299" data-log-props="{ &quot;id&quot;:&quot;category_menu&quot;, &quot;param&quot;:{&quot;categoryLabel&quot;:&quot;office&quot;} }">펜/리필심</a></li>   <li><a href="/np/categories/177306" data-log-props="{ &quot;id&quot;:&quot;category_menu&quot;, &quot;param&quot;:{&quot;categoryLabel&quot;:&quot;office&quot;} }">연필</a></li>   <li><a href="/np/categories/177315" data-log-props="{ &quot;id&quot;:&quot;category_menu&quot;, &quot;param&quot;:{&quot;categoryLabel&quot;:&quot;office&quot;} }">샤프</a></li>   <li><a href="/np/categories/177319" data-log-props="{ &quot;id&quot;:&quot;category_menu&quot;, &quot;param&quot;:{&quot;categoryLabel&quot;:&quot;office&quot;} }">만년필</a></li>   <li><a href="/np/categories/177328" data-log-props="{ &quot;id&quot;:&quot;category_menu&quot;, &quot;param&quot;:{&quot;categoryLabel&quot;:&quot;office&quot;} }">형광펜</a></li>   <li><a href="/np/categories/177329" data-log-props="{ &quot;id&quot;:&quot;category_menu&quot;, &quot;param&quot;:{&quot;categoryLabel&quot;:&quot;office&quot;} }">사인펜/매직</a></li>   <li><a href="/np/categories/177334" data-log-props="{ &quot;id&quot;:&quot;category_menu&quot;, &quot;param&quot;:{&quot;categoryLabel&quot;:&quot;office&quot;} }">색연필</a></li>   <li><a href="/np/categories/177335" data-log-props="{ &quot;id&quot;:&quot;category_menu&quot;, &quot;param&quot;:{&quot;categoryLabel&quot;:&quot;office&quot;} }">붓펜/캘리그라피펜</a></li>   <li><a href="/np/categories/177340" data-log-props="{ &quot;id&quot;:&quot;category_menu&quot;, &quot;param&quot;:{&quot;categoryLabel&quot;:&quot;office&quot;} }">분필/보드마카</a></li>   <li><a href="/np/categories/177346" data-log-props="{ &quot;id&quot;:&quot;category_menu&quot;, &quot;param&quot;:{&quot;categoryLabel&quot;:&quot;office&quot;} }">지우개/수정액</a></li>   <li><a href="/np/categories/177356" data-log-props="{ &quot;id&quot;:&quot;category_menu&quot;, &quot;param&quot;:{&quot;categoryLabel&quot;:&quot;office&quot;} }">필통/파우치</a></li> </ul></div></li>     <li class="second-depth-list"><a href="/np/categories/401541" data-log-props="{ &quot;id&quot;:&quot;category_menu&quot;, &quot;param&quot;:{&quot;categoryLabel&quot;:&quot;office&quot;} }">노트/메모지 <i class="depth-select-icon"></i></a><div class="third-depth-list"><ul>  <li><a href="/np/categories/435837" data-log-props="{ &quot;id&quot;:&quot;category_menu&quot;, &quot;param&quot;:{&quot;categoryLabel&quot;:&quot;office&quot;} }">유선/무선노트</a></li>   <li><a href="/np/categories/435838" data-log-props="{ &quot;id&quot;:&quot;category_menu&quot;, &quot;param&quot;:{&quot;categoryLabel&quot;:&quot;office&quot;} }">학습/과목노트</a></li>   <li><a href="/np/categories/435839" data-log-props="{ &quot;id&quot;:&quot;category_menu&quot;, &quot;param&quot;:{&quot;categoryLabel&quot;:&quot;office&quot;} }">초등학생노트</a></li>   <li><a href="/np/categories/435840" data-log-props="{ &quot;id&quot;:&quot;category_menu&quot;, &quot;param&quot;:{&quot;categoryLabel&quot;:&quot;office&quot;} }">노트커버/패드</a></li>   <li><a href="/np/categories/435841" data-log-props="{ &quot;id&quot;:&quot;category_menu&quot;, &quot;param&quot;:{&quot;categoryLabel&quot;:&quot;office&quot;} }">수첩</a></li>   <li><a href="/np/categories/435842" data-log-props="{ &quot;id&quot;:&quot;category_menu&quot;, &quot;param&quot;:{&quot;categoryLabel&quot;:&quot;office&quot;} }">가계부/캐쉬북</a></li>   <li><a href="/np/categories/435843" data-log-props="{ &quot;id&quot;:&quot;category_menu&quot;, &quot;param&quot;:{&quot;categoryLabel&quot;:&quot;office&quot;} }">일기장</a></li>   <li><a href="/np/categories/435844" data-log-props="{ &quot;id&quot;:&quot;category_menu&quot;, &quot;param&quot;:{&quot;categoryLabel&quot;:&quot;office&quot;} }">기록노트</a></li>   <li><a href="/np/categories/435845" data-log-props="{ &quot;id&quot;:&quot;category_menu&quot;, &quot;param&quot;:{&quot;categoryLabel&quot;:&quot;office&quot;} }">메모패드/리갈패드</a></li>   <li><a href="/np/categories/435846" data-log-props="{ &quot;id&quot;:&quot;category_menu&quot;, &quot;param&quot;:{&quot;categoryLabel&quot;:&quot;office&quot;} }">메모지/체크리스트</a></li>   <li><a href="/np/categories/435847" data-log-props="{ &quot;id&quot;:&quot;category_menu&quot;, &quot;param&quot;:{&quot;categoryLabel&quot;:&quot;office&quot;} }">점착메모지/포스트잇</a></li>   <li><a href="/np/categories/401571" data-log-props="{ &quot;id&quot;:&quot;category_menu&quot;, &quot;param&quot;:{&quot;categoryLabel&quot;:&quot;office&quot;} }">인덱스/플래그</a></li> </ul></div></li>     <li class="second-depth-list"><a href="/np/categories/401572" data-log-props="{ &quot;id&quot;:&quot;category_menu&quot;, &quot;param&quot;:{&quot;categoryLabel&quot;:&quot;office&quot;} }">다이어리/플래너 <i class="depth-select-icon"></i></a><div class="third-depth-list"><ul>  <li><a href="/np/categories/401573" data-log-props="{ &quot;id&quot;:&quot;category_menu&quot;, &quot;param&quot;:{&quot;categoryLabel&quot;:&quot;office&quot;} }">다이어리</a></li>   <li><a href="/np/categories/401577" data-log-props="{ &quot;id&quot;:&quot;category_menu&quot;, &quot;param&quot;:{&quot;categoryLabel&quot;:&quot;office&quot;} }">다이어리소품</a></li>   <li><a href="/np/categories/401581" data-log-props="{ &quot;id&quot;:&quot;category_menu&quot;, &quot;param&quot;:{&quot;categoryLabel&quot;:&quot;office&quot;} }">스케쥴러</a></li>   <li><a href="/np/categories/401582" data-log-props="{ &quot;id&quot;:&quot;category_menu&quot;, &quot;param&quot;:{&quot;categoryLabel&quot;:&quot;office&quot;} }">캘린더</a></li>   <li><a href="/np/categories/401588" data-log-props="{ &quot;id&quot;:&quot;category_menu&quot;, &quot;param&quot;:{&quot;categoryLabel&quot;:&quot;office&quot;} }">프로젝트플래너</a></li> </ul></div></li>     <li class="second-depth-list"><a href="/np/categories/177419" data-log-props="{ &quot;id&quot;:&quot;category_menu&quot;, &quot;param&quot;:{&quot;categoryLabel&quot;:&quot;office&quot;} }">바인더/파일 <i class="depth-select-icon"></i></a><div class="third-depth-list"><ul>  <li><a href="/np/categories/177421" data-log-props="{ &quot;id&quot;:&quot;category_menu&quot;, &quot;param&quot;:{&quot;categoryLabel&quot;:&quot;office&quot;} }">바인더</a></li>   <li><a href="/np/categories/177427" data-log-props="{ &quot;id&quot;:&quot;category_menu&quot;, &quot;param&quot;:{&quot;categoryLabel&quot;:&quot;office&quot;} }">파일</a></li>   <li><a href="/np/categories/177442" data-log-props="{ &quot;id&quot;:&quot;category_menu&quot;, &quot;param&quot;:{&quot;categoryLabel&quot;:&quot;office&quot;} }">클립보드/결재판</a></li> </ul></div></li>     <li class="second-depth-list"><a href="/np/categories/401805" data-log-props="{ &quot;id&quot;:&quot;category_menu&quot;, &quot;param&quot;:{&quot;categoryLabel&quot;:&quot;office&quot;} }">파티/이벤트 <i class="depth-select-icon"></i></a><div class="third-depth-list"><ul>  <li><a href="/np/categories/401806" data-log-props="{ &quot;id&quot;:&quot;category_menu&quot;, &quot;param&quot;:{&quot;categoryLabel&quot;:&quot;office&quot;} }">테이블웨어</a></li>   <li><a href="/np/categories/401813" data-log-props="{ &quot;id&quot;:&quot;category_menu&quot;, &quot;param&quot;:{&quot;categoryLabel&quot;:&quot;office&quot;} }">초/티라이트</a></li>   <li><a href="/np/categories/401818" data-log-props="{ &quot;id&quot;:&quot;category_menu&quot;, &quot;param&quot;:{&quot;categoryLabel&quot;:&quot;office&quot;} }">풍선</a></li>   <li><a href="/np/categories/401829" data-log-props="{ &quot;id&quot;:&quot;category_menu&quot;, &quot;param&quot;:{&quot;categoryLabel&quot;:&quot;office&quot;} }">파티모자/머리띠</a></li>   <li><a href="/np/categories/401834" data-log-props="{ &quot;id&quot;:&quot;category_menu&quot;, &quot;param&quot;:{&quot;categoryLabel&quot;:&quot;office&quot;} }">파티장식/가랜드</a></li>   <li><a href="/np/categories/401840" data-log-props="{ &quot;id&quot;:&quot;category_menu&quot;, &quot;param&quot;:{&quot;categoryLabel&quot;:&quot;office&quot;} }">홈파티세트</a></li>   <li><a href="/np/categories/401841" data-log-props="{ &quot;id&quot;:&quot;category_menu&quot;, &quot;param&quot;:{&quot;categoryLabel&quot;:&quot;office&quot;} }">꽃잎/폭죽/불꽃놀이</a></li>   <li><a href="/np/categories/401847" data-log-props="{ &quot;id&quot;:&quot;category_menu&quot;, &quot;param&quot;:{&quot;categoryLabel&quot;:&quot;office&quot;} }">가발/가면/안경</a></li>   <li><a href="/np/categories/401851" data-log-props="{ &quot;id&quot;:&quot;category_menu&quot;, &quot;param&quot;:{&quot;categoryLabel&quot;:&quot;office&quot;} }">의상/분장용품</a></li>   <li><a href="/np/categories/401857" data-log-props="{ &quot;id&quot;:&quot;category_menu&quot;, &quot;param&quot;:{&quot;categoryLabel&quot;:&quot;office&quot;} }">응원/페스티벌</a></li>   <li><a href="/np/categories/401866" data-log-props="{ &quot;id&quot;:&quot;category_menu&quot;, &quot;param&quot;:{&quot;categoryLabel&quot;:&quot;office&quot;} }">마술용품</a></li>   <li><a href="/np/categories/401873" data-log-props="{ &quot;id&quot;:&quot;category_menu&quot;, &quot;param&quot;:{&quot;categoryLabel&quot;:&quot;office&quot;} }">기타파티소품</a></li> </ul></div></li>     <li class="second-depth-list"><a href="/np/categories/178035" data-log-props="{ &quot;id&quot;:&quot;category_menu&quot;, &quot;param&quot;:{&quot;categoryLabel&quot;:&quot;office&quot;} }">데코/포장용품 <i class="depth-select-icon"></i></a><div class="third-depth-list"><ul>  <li><a href="/np/categories/178037" data-log-props="{ &quot;id&quot;:&quot;category_menu&quot;, &quot;param&quot;:{&quot;categoryLabel&quot;:&quot;office&quot;} }">선물/포장용품</a></li>   <li><a href="/np/categories/178060" data-log-props="{ &quot;id&quot;:&quot;category_menu&quot;, &quot;param&quot;:{&quot;categoryLabel&quot;:&quot;office&quot;} }">스티커</a></li>   <li><a href="/np/categories/178068" data-log-props="{ &quot;id&quot;:&quot;category_menu&quot;, &quot;param&quot;:{&quot;categoryLabel&quot;:&quot;office&quot;} }">스탬프/씰링</a></li>   <li><a href="/np/categories/178073" data-log-props="{ &quot;id&quot;:&quot;category_menu&quot;, &quot;param&quot;:{&quot;categoryLabel&quot;:&quot;office&quot;} }">모양펀치</a></li>   <li><a href="/np/categories/178074" data-log-props="{ &quot;id&quot;:&quot;category_menu&quot;, &quot;param&quot;:{&quot;categoryLabel&quot;:&quot;office&quot;} }">데코테이프</a></li> </ul></div></li>     <li class="second-depth-list"><a href="/np/categories/178005" data-log-props="{ &quot;id&quot;:&quot;category_menu&quot;, &quot;param&quot;:{&quot;categoryLabel&quot;:&quot;office&quot;} }">카드/엽서/봉투 <i class="depth-select-icon"></i></a><div class="third-depth-list"><ul>  <li><a href="/np/categories/178007" data-log-props="{ &quot;id&quot;:&quot;category_menu&quot;, &quot;param&quot;:{&quot;categoryLabel&quot;:&quot;office&quot;} }">카드</a></li>   <li><a href="/np/categories/178015" data-log-props="{ &quot;id&quot;:&quot;category_menu&quot;, &quot;param&quot;:{&quot;categoryLabel&quot;:&quot;office&quot;} }">엽서</a></li>   <li><a href="/np/categories/178021" data-log-props="{ &quot;id&quot;:&quot;category_menu&quot;, &quot;param&quot;:{&quot;categoryLabel&quot;:&quot;office&quot;} }">편지지</a></li>   <li><a href="/np/categories/178022" data-log-props="{ &quot;id&quot;:&quot;category_menu&quot;, &quot;param&quot;:{&quot;categoryLabel&quot;:&quot;office&quot;} }">봉투</a></li> </ul></div></li>     <li class="second-depth-list"><a href="/np/categories/401781" data-log-props="{ &quot;id&quot;:&quot;category_menu&quot;, &quot;param&quot;:{&quot;categoryLabel&quot;:&quot;office&quot;} }">앨범 <i class="depth-select-icon"></i></a><div class="third-depth-list"><ul>  <li><a href="/np/categories/401782" data-log-props="{ &quot;id&quot;:&quot;category_menu&quot;, &quot;param&quot;:{&quot;categoryLabel&quot;:&quot;office&quot;} }">일반포토앨범</a></li>   <li><a href="/np/categories/401783" data-log-props="{ &quot;id&quot;:&quot;category_menu&quot;, &quot;param&quot;:{&quot;categoryLabel&quot;:&quot;office&quot;} }">폴라로이드앨범</a></li>   <li><a href="/np/categories/401784" data-log-props="{ &quot;id&quot;:&quot;category_menu&quot;, &quot;param&quot;:{&quot;categoryLabel&quot;:&quot;office&quot;} }">티켓/영화앨범</a></li>   <li><a href="/np/categories/401785" data-log-props="{ &quot;id&quot;:&quot;category_menu&quot;, &quot;param&quot;:{&quot;categoryLabel&quot;:&quot;office&quot;} }">출산/성장앨범</a></li>   <li><a href="/np/categories/401786" data-log-props="{ &quot;id&quot;:&quot;category_menu&quot;, &quot;param&quot;:{&quot;categoryLabel&quot;:&quot;office&quot;} }">기타스크랩북</a></li> </ul></div></li>     <li class="second-depth-list"><a href="/np/categories/177453" data-log-props="{ &quot;id&quot;:&quot;category_menu&quot;, &quot;param&quot;:{&quot;categoryLabel&quot;:&quot;office&quot;} }">복사용품/라벨지 <i class="depth-select-icon"></i></a><div class="third-depth-list"><ul>  <li><a href="/np/categories/177455" data-log-props="{ &quot;id&quot;:&quot;category_menu&quot;, &quot;param&quot;:{&quot;categoryLabel&quot;:&quot;office&quot;} }">복사용지</a></li>   <li><a href="/np/categories/177456" data-log-props="{ &quot;id&quot;:&quot;category_menu&quot;, &quot;param&quot;:{&quot;categoryLabel&quot;:&quot;office&quot;} }">출력라벨지</a></li>   <li><a href="/np/categories/177471" data-log-props="{ &quot;id&quot;:&quot;category_menu&quot;, &quot;param&quot;:{&quot;categoryLabel&quot;:&quot;office&quot;} }">전용지</a></li>   <li><a href="/np/categories/177482" data-log-props="{ &quot;id&quot;:&quot;category_menu&quot;, &quot;param&quot;:{&quot;categoryLabel&quot;:&quot;office&quot;} }">잉크/토너</a></li> </ul></div></li>     <li class="second-depth-list"><a href="/np/categories/401787" data-log-props="{ &quot;id&quot;:&quot;category_menu&quot;, &quot;param&quot;:{&quot;categoryLabel&quot;:&quot;office&quot;} }">보드/칠판/광고 <i class="depth-select-icon"></i></a><div class="third-depth-list"><ul>  <li><a href="/np/categories/401788" data-log-props="{ &quot;id&quot;:&quot;category_menu&quot;, &quot;param&quot;:{&quot;categoryLabel&quot;:&quot;office&quot;} }">화이트보드/게시판</a></li>   <li><a href="/np/categories/401789" data-log-props="{ &quot;id&quot;:&quot;category_menu&quot;, &quot;param&quot;:{&quot;categoryLabel&quot;:&quot;office&quot;} }">블랙/칼라보드/게시판</a></li>   <li><a href="/np/categories/401790" data-log-props="{ &quot;id&quot;:&quot;category_menu&quot;, &quot;param&quot;:{&quot;categoryLabel&quot;:&quot;office&quot;} }">칠판보드/게시판</a></li>   <li><a href="/np/categories/401791" data-log-props="{ &quot;id&quot;:&quot;category_menu&quot;, &quot;param&quot;:{&quot;categoryLabel&quot;:&quot;office&quot;} }">콜크보드/게시판</a></li>   <li><a href="/np/categories/401792" data-log-props="{ &quot;id&quot;:&quot;category_menu&quot;, &quot;param&quot;:{&quot;categoryLabel&quot;:&quot;office&quot;} }">융보드/게시판</a></li>   <li><a href="/np/categories/401793" data-log-props="{ &quot;id&quot;:&quot;category_menu&quot;, &quot;param&quot;:{&quot;categoryLabel&quot;:&quot;office&quot;} }">메모보드</a></li>   <li><a href="/np/categories/401794" data-log-props="{ &quot;id&quot;:&quot;category_menu&quot;, &quot;param&quot;:{&quot;categoryLabel&quot;:&quot;office&quot;} }">타공판/메쉬보드</a></li>   <li><a href="/np/categories/401795" data-log-props="{ &quot;id&quot;:&quot;category_menu&quot;, &quot;param&quot;:{&quot;categoryLabel&quot;:&quot;office&quot;} }">보드/게시판소품</a></li>   <li><a href="/np/categories/401799" data-log-props="{ &quot;id&quot;:&quot;category_menu&quot;, &quot;param&quot;:{&quot;categoryLabel&quot;:&quot;office&quot;} }">메뉴판</a></li>   <li><a href="/np/categories/401800" data-log-props="{ &quot;id&quot;:&quot;category_menu&quot;, &quot;param&quot;:{&quot;categoryLabel&quot;:&quot;office&quot;} }">쇼카드</a></li>   <li><a href="/np/categories/401801" data-log-props="{ &quot;id&quot;:&quot;category_menu&quot;, &quot;param&quot;:{&quot;categoryLabel&quot;:&quot;office&quot;} }">아크릴꽂이/집게</a></li>   <li><a href="/np/categories/401802" data-log-props="{ &quot;id&quot;:&quot;category_menu&quot;, &quot;param&quot;:{&quot;categoryLabel&quot;:&quot;office&quot;} }">아크릴사인/표지판</a></li>   <li><a href="/np/categories/401803" data-log-props="{ &quot;id&quot;:&quot;category_menu&quot;, &quot;param&quot;:{&quot;categoryLabel&quot;:&quot;office&quot;} }">마네킹</a></li>  <li class="more-category"><a href="/np/categories/401787">더보기</a></li>  </ul></div></li>  </ul>
<span class="gnb-banner" style="background: #FFF">
<a class="category-banner-button" href="https://pages.coupang.com/p/145456" title="문구/오피스" data-log-props="{ &quot;id&quot;:&quot;category_menu_banner&quot;, &quot;param&quot;:{&quot;categoryLabel&quot;:&quot;office&quot;} }">문구/오피스</a>
		<img alt="문구/오피스" data-banner-src="//image10.coupangcdn.com/image/displayitem/displayitem_26a06665-b9a8-4db5-b654-c395e69e637a.jpg" class="category-banner-image">
</span>

</div></div></li>







        <li class="pet"><a href="/np/categories/115674" class="first-depth" data-log-props="{ &quot;id&quot;:&quot;category_menu&quot;, &quot;param&quot;:{&quot;categoryLabel&quot;:&quot;pets&quot;} }">반려동물용품<i class="select-icon"></i></a><div class="depth"><div class="depth-list banner third"><ul>   <li class="second-depth-list"><a href="/np/categories/445725" data-log-props="{ &quot;id&quot;:&quot;category_menu&quot;, &quot;param&quot;:{&quot;categoryLabel&quot;:&quot;pets&quot;} }">강아지 사료 <i class="depth-select-icon"></i></a><div class="third-depth-list"><ul>  <li><a href="/np/categories/445726" data-log-props="{ &quot;id&quot;:&quot;category_menu&quot;, &quot;param&quot;:{&quot;categoryLabel&quot;:&quot;pets&quot;} }">건식사료</a></li>   <li><a href="/np/categories/445727" data-log-props="{ &quot;id&quot;:&quot;category_menu&quot;, &quot;param&quot;:{&quot;categoryLabel&quot;:&quot;pets&quot;} }">소프트사료</a></li>   <li><a href="/np/categories/445728" data-log-props="{ &quot;id&quot;:&quot;category_menu&quot;, &quot;param&quot;:{&quot;categoryLabel&quot;:&quot;pets&quot;} }">습식사료</a></li>   <li><a href="/np/categories/445729" data-log-props="{ &quot;id&quot;:&quot;category_menu&quot;, &quot;param&quot;:{&quot;categoryLabel&quot;:&quot;pets&quot;} }">건조/생식사료</a></li>   <li><a href="/np/categories/445730" data-log-props="{ &quot;id&quot;:&quot;category_menu&quot;, &quot;param&quot;:{&quot;categoryLabel&quot;:&quot;pets&quot;} }">화식사료</a></li>   <li><a href="/np/categories/445731" data-log-props="{ &quot;id&quot;:&quot;category_menu&quot;, &quot;param&quot;:{&quot;categoryLabel&quot;:&quot;pets&quot;} }">분유</a></li>   <li><a href="/np/categories/509024" data-log-props="{ &quot;id&quot;:&quot;category_menu&quot;, &quot;param&quot;:{&quot;categoryLabel&quot;:&quot;pets&quot;} }">기능성사료</a></li>   <li><a href="/np/categories/510526" data-log-props="{ &quot;id&quot;:&quot;category_menu&quot;, &quot;param&quot;:{&quot;categoryLabel&quot;:&quot;pets&quot;} }">처방식 사료</a></li> </ul></div></li>     <li class="second-depth-list"><a href="/np/categories/118900" data-log-props="{ &quot;id&quot;:&quot;category_menu&quot;, &quot;param&quot;:{&quot;categoryLabel&quot;:&quot;pets&quot;} }">강아지 간식 <i class="depth-select-icon"></i></a><div class="third-depth-list"><ul>  <li><a href="/np/categories/118975" data-log-props="{ &quot;id&quot;:&quot;category_menu&quot;, &quot;param&quot;:{&quot;categoryLabel&quot;:&quot;pets&quot;} }">캔/파우치</a></li>   <li><a href="/np/categories/385001" data-log-props="{ &quot;id&quot;:&quot;category_menu&quot;, &quot;param&quot;:{&quot;categoryLabel&quot;:&quot;pets&quot;} }">덴탈껌</a></li>   <li><a href="/np/categories/385002" data-log-props="{ &quot;id&quot;:&quot;category_menu&quot;, &quot;param&quot;:{&quot;categoryLabel&quot;:&quot;pets&quot;} }">건조간식/육포</a></li>   <li><a href="/np/categories/385003" data-log-props="{ &quot;id&quot;:&quot;category_menu&quot;, &quot;param&quot;:{&quot;categoryLabel&quot;:&quot;pets&quot;} }">동결건조간식</a></li>   <li><a href="/np/categories/118974" data-log-props="{ &quot;id&quot;:&quot;category_menu&quot;, &quot;param&quot;:{&quot;categoryLabel&quot;:&quot;pets&quot;} }">비스켓/시리얼/쿠키</a></li>   <li><a href="/np/categories/225063" data-log-props="{ &quot;id&quot;:&quot;category_menu&quot;, &quot;param&quot;:{&quot;categoryLabel&quot;:&quot;pets&quot;} }">캔디/젤리</a></li>   <li><a href="/np/categories/225064" data-log-props="{ &quot;id&quot;:&quot;category_menu&quot;, &quot;param&quot;:{&quot;categoryLabel&quot;:&quot;pets&quot;} }">빵/케이크</a></li>   <li><a href="/np/categories/445733" data-log-props="{ &quot;id&quot;:&quot;category_menu&quot;, &quot;param&quot;:{&quot;categoryLabel&quot;:&quot;pets&quot;} }">테린/화식</a></li>   <li><a href="/np/categories/385004" data-log-props="{ &quot;id&quot;:&quot;category_menu&quot;, &quot;param&quot;:{&quot;categoryLabel&quot;:&quot;pets&quot;} }">져키/트릿</a></li>   <li><a href="/np/categories/118980" data-log-props="{ &quot;id&quot;:&quot;category_menu&quot;, &quot;param&quot;:{&quot;categoryLabel&quot;:&quot;pets&quot;} }">음료</a></li> </ul></div></li>     <li class="second-depth-list"><a href="/np/categories/486318" data-log-props="{ &quot;id&quot;:&quot;category_menu&quot;, &quot;param&quot;:{&quot;categoryLabel&quot;:&quot;pets&quot;} }">강아지 영양제 <i class="depth-select-icon"></i></a><div class="third-depth-list"><ul>  <li><a href="/np/categories/486319" data-log-props="{ &quot;id&quot;:&quot;category_menu&quot;, &quot;param&quot;:{&quot;categoryLabel&quot;:&quot;pets&quot;} }">영양제</a></li>   <li><a href="/np/categories/486328" data-log-props="{ &quot;id&quot;:&quot;category_menu&quot;, &quot;param&quot;:{&quot;categoryLabel&quot;:&quot;pets&quot;} }">건강보조제</a></li>   <li><a href="/np/categories/510524" data-log-props="{ &quot;id&quot;:&quot;category_menu&quot;, &quot;param&quot;:{&quot;categoryLabel&quot;:&quot;pets&quot;} }">처방보조/보충식</a></li> </ul></div></li>     <li class="second-depth-list"><a href="/np/categories/118876" data-log-props="{ &quot;id&quot;:&quot;category_menu&quot;, &quot;param&quot;:{&quot;categoryLabel&quot;:&quot;pets&quot;} }">강아지 용품 <i class="depth-select-icon"></i></a><div class="third-depth-list"><ul>  <li><a href="/np/categories/118920" data-log-props="{ &quot;id&quot;:&quot;category_menu&quot;, &quot;param&quot;:{&quot;categoryLabel&quot;:&quot;pets&quot;} }">하우스/울타리</a></li>   <li><a href="/np/categories/118919" data-log-props="{ &quot;id&quot;:&quot;category_menu&quot;, &quot;param&quot;:{&quot;categoryLabel&quot;:&quot;pets&quot;} }">급식기/급수기</a></li>   <li><a href="/np/categories/118926" data-log-props="{ &quot;id&quot;:&quot;category_menu&quot;, &quot;param&quot;:{&quot;categoryLabel&quot;:&quot;pets&quot;} }">의류/패션</a></li>   <li><a href="/np/categories/118916" data-log-props="{ &quot;id&quot;:&quot;category_menu&quot;, &quot;param&quot;:{&quot;categoryLabel&quot;:&quot;pets&quot;} }">배변용품</a></li>   <li><a href="/np/categories/118917" data-log-props="{ &quot;id&quot;:&quot;category_menu&quot;, &quot;param&quot;:{&quot;categoryLabel&quot;:&quot;pets&quot;} }">미용/목욕</a></li>   <li><a href="/np/categories/118923" data-log-props="{ &quot;id&quot;:&quot;category_menu&quot;, &quot;param&quot;:{&quot;categoryLabel&quot;:&quot;pets&quot;} }">장난감/훈련용품</a></li>   <li><a href="/np/categories/486542" data-log-props="{ &quot;id&quot;:&quot;category_menu&quot;, &quot;param&quot;:{&quot;categoryLabel&quot;:&quot;pets&quot;} }">펫캠/가전용품</a></li>   <li><a href="/np/categories/118922" data-log-props="{ &quot;id&quot;:&quot;category_menu&quot;, &quot;param&quot;:{&quot;categoryLabel&quot;:&quot;pets&quot;} }">이동장/외출용품</a></li>   <li><a href="/np/categories/373649" data-log-props="{ &quot;id&quot;:&quot;category_menu&quot;, &quot;param&quot;:{&quot;categoryLabel&quot;:&quot;pets&quot;} }">건강 관리</a></li>   <li><a href="/np/categories/225106" data-log-props="{ &quot;id&quot;:&quot;category_menu&quot;, &quot;param&quot;:{&quot;categoryLabel&quot;:&quot;pets&quot;} }">강아지도서</a></li> </ul></div></li>     <li class="second-depth-list"><a href="/np/categories/445859" data-log-props="{ &quot;id&quot;:&quot;category_menu&quot;, &quot;param&quot;:{&quot;categoryLabel&quot;:&quot;pets&quot;} }">고양이 사료 <i class="depth-select-icon"></i></a><div class="third-depth-list"><ul>  <li><a href="/np/categories/445860" data-log-props="{ &quot;id&quot;:&quot;category_menu&quot;, &quot;param&quot;:{&quot;categoryLabel&quot;:&quot;pets&quot;} }">건식사료</a></li>   <li><a href="/np/categories/445861" data-log-props="{ &quot;id&quot;:&quot;category_menu&quot;, &quot;param&quot;:{&quot;categoryLabel&quot;:&quot;pets&quot;} }">습식/소프트사료</a></li>   <li><a href="/np/categories/445862" data-log-props="{ &quot;id&quot;:&quot;category_menu&quot;, &quot;param&quot;:{&quot;categoryLabel&quot;:&quot;pets&quot;} }">건조생식사료</a></li>   <li><a href="/np/categories/445863" data-log-props="{ &quot;id&quot;:&quot;category_menu&quot;, &quot;param&quot;:{&quot;categoryLabel&quot;:&quot;pets&quot;} }">화식사료</a></li>   <li><a href="/np/categories/446151" data-log-props="{ &quot;id&quot;:&quot;category_menu&quot;, &quot;param&quot;:{&quot;categoryLabel&quot;:&quot;pets&quot;} }">분유</a></li>   <li><a href="/np/categories/509026" data-log-props="{ &quot;id&quot;:&quot;category_menu&quot;, &quot;param&quot;:{&quot;categoryLabel&quot;:&quot;pets&quot;} }">기능성사료</a></li>   <li><a href="/np/categories/510527" data-log-props="{ &quot;id&quot;:&quot;category_menu&quot;, &quot;param&quot;:{&quot;categoryLabel&quot;:&quot;pets&quot;} }">처방식 사료</a></li> </ul></div></li>     <li class="second-depth-list"><a href="/np/categories/119402" data-log-props="{ &quot;id&quot;:&quot;category_menu&quot;, &quot;param&quot;:{&quot;categoryLabel&quot;:&quot;pets&quot;} }">고양이 간식 <i class="depth-select-icon"></i></a><div class="third-depth-list"><ul>  <li><a href="/np/categories/119522" data-log-props="{ &quot;id&quot;:&quot;category_menu&quot;, &quot;param&quot;:{&quot;categoryLabel&quot;:&quot;pets&quot;} }">캔</a></li>   <li><a href="/np/categories/119499" data-log-props="{ &quot;id&quot;:&quot;category_menu&quot;, &quot;param&quot;:{&quot;categoryLabel&quot;:&quot;pets&quot;} }">파우치</a></li>   <li><a href="/np/categories/120216" data-log-props="{ &quot;id&quot;:&quot;category_menu&quot;, &quot;param&quot;:{&quot;categoryLabel&quot;:&quot;pets&quot;} }">동결/건조간식</a></li>   <li><a href="/np/categories/119501" data-log-props="{ &quot;id&quot;:&quot;category_menu&quot;, &quot;param&quot;:{&quot;categoryLabel&quot;:&quot;pets&quot;} }">수제간식</a></li>   <li><a href="/np/categories/119502" data-log-props="{ &quot;id&quot;:&quot;category_menu&quot;, &quot;param&quot;:{&quot;categoryLabel&quot;:&quot;pets&quot;} }">져키/스틱</a></li>   <li><a href="/np/categories/119503" data-log-props="{ &quot;id&quot;:&quot;category_menu&quot;, &quot;param&quot;:{&quot;categoryLabel&quot;:&quot;pets&quot;} }">통살/소시지</a></li>   <li><a href="/np/categories/119504" data-log-props="{ &quot;id&quot;:&quot;category_menu&quot;, &quot;param&quot;:{&quot;categoryLabel&quot;:&quot;pets&quot;} }">스낵</a></li>   <li><a href="/np/categories/119505" data-log-props="{ &quot;id&quot;:&quot;category_menu&quot;, &quot;param&quot;:{&quot;categoryLabel&quot;:&quot;pets&quot;} }">캣닢/캣글라스</a></li>   <li><a href="/np/categories/119506" data-log-props="{ &quot;id&quot;:&quot;category_menu&quot;, &quot;param&quot;:{&quot;categoryLabel&quot;:&quot;pets&quot;} }">음료</a></li>   <li><a href="/np/categories/120217" data-log-props="{ &quot;id&quot;:&quot;category_menu&quot;, &quot;param&quot;:{&quot;categoryLabel&quot;:&quot;pets&quot;} }">껌</a></li>   <li><a href="/np/categories/445864" data-log-props="{ &quot;id&quot;:&quot;category_menu&quot;, &quot;param&quot;:{&quot;categoryLabel&quot;:&quot;pets&quot;} }">테린/화식</a></li> </ul></div></li>     <li class="second-depth-list"><a href="/np/categories/118878" data-log-props="{ &quot;id&quot;:&quot;category_menu&quot;, &quot;param&quot;:{&quot;categoryLabel&quot;:&quot;pets&quot;} }">고양이 용품 <i class="depth-select-icon"></i></a><div class="third-depth-list"><ul>  <li><a href="/np/categories/119567" data-log-props="{ &quot;id&quot;:&quot;category_menu&quot;, &quot;param&quot;:{&quot;categoryLabel&quot;:&quot;pets&quot;} }">캣타워/스크래쳐</a></li>   <li><a href="/np/categories/119562" data-log-props="{ &quot;id&quot;:&quot;category_menu&quot;, &quot;param&quot;:{&quot;categoryLabel&quot;:&quot;pets&quot;} }">하우스/방석</a></li>   <li><a href="/np/categories/119561" data-log-props="{ &quot;id&quot;:&quot;category_menu&quot;, &quot;param&quot;:{&quot;categoryLabel&quot;:&quot;pets&quot;} }">급식기/급수기</a></li>   <li><a href="/np/categories/157054" data-log-props="{ &quot;id&quot;:&quot;category_menu&quot;, &quot;param&quot;:{&quot;categoryLabel&quot;:&quot;pets&quot;} }">의류/패션</a></li>   <li><a href="/np/categories/119558" data-log-props="{ &quot;id&quot;:&quot;category_menu&quot;, &quot;param&quot;:{&quot;categoryLabel&quot;:&quot;pets&quot;} }">모래/화장실</a></li>   <li><a href="/np/categories/385076" data-log-props="{ &quot;id&quot;:&quot;category_menu&quot;, &quot;param&quot;:{&quot;categoryLabel&quot;:&quot;pets&quot;} }">미용/목욕</a></li>   <li><a href="/np/categories/119568" data-log-props="{ &quot;id&quot;:&quot;category_menu&quot;, &quot;param&quot;:{&quot;categoryLabel&quot;:&quot;pets&quot;} }">장난감</a></li>   <li><a href="/np/categories/486545" data-log-props="{ &quot;id&quot;:&quot;category_menu&quot;, &quot;param&quot;:{&quot;categoryLabel&quot;:&quot;pets&quot;} }">펫캠/가전용품</a></li>   <li><a href="/np/categories/119564" data-log-props="{ &quot;id&quot;:&quot;category_menu&quot;, &quot;param&quot;:{&quot;categoryLabel&quot;:&quot;pets&quot;} }">이동장/외출용품</a></li>   <li><a href="/np/categories/119559" data-log-props="{ &quot;id&quot;:&quot;category_menu&quot;, &quot;param&quot;:{&quot;categoryLabel&quot;:&quot;pets&quot;} }">건강 관리</a></li>   <li><a href="/np/categories/225107" data-log-props="{ &quot;id&quot;:&quot;category_menu&quot;, &quot;param&quot;:{&quot;categoryLabel&quot;:&quot;pets&quot;} }">고양이 도서</a></li> </ul></div></li>     <li class="second-depth-list"><a href="/np/categories/486331" data-log-props="{ &quot;id&quot;:&quot;category_menu&quot;, &quot;param&quot;:{&quot;categoryLabel&quot;:&quot;pets&quot;} }">고양이 영양제 <i class="depth-select-icon"></i></a><div class="third-depth-list"><ul>  <li><a href="/np/categories/486332" data-log-props="{ &quot;id&quot;:&quot;category_menu&quot;, &quot;param&quot;:{&quot;categoryLabel&quot;:&quot;pets&quot;} }">영양제</a></li>   <li><a href="/np/categories/486342" data-log-props="{ &quot;id&quot;:&quot;category_menu&quot;, &quot;param&quot;:{&quot;categoryLabel&quot;:&quot;pets&quot;} }">건강보조제</a></li>   <li><a href="/np/categories/510525" data-log-props="{ &quot;id&quot;:&quot;category_menu&quot;, &quot;param&quot;:{&quot;categoryLabel&quot;:&quot;pets&quot;} }">처방보조/보충식</a></li> </ul></div></li>     <li class="second-depth-list"><a href="/np/categories/381522" data-log-props="{ &quot;id&quot;:&quot;category_menu&quot;, &quot;param&quot;:{&quot;categoryLabel&quot;:&quot;pets&quot;} }">펫티켓 산책용품 <i class="depth-select-icon"></i></a><div class="third-depth-list"><ul>  <li><a href="/np/categories/381523" data-log-props="{ &quot;id&quot;:&quot;category_menu&quot;, &quot;param&quot;:{&quot;categoryLabel&quot;:&quot;pets&quot;} }">배변봉투/삽</a></li>   <li><a href="/np/categories/381526" data-log-props="{ &quot;id&quot;:&quot;category_menu&quot;, &quot;param&quot;:{&quot;categoryLabel&quot;:&quot;pets&quot;} }">물티슈/크리너</a></li>   <li><a href="/np/categories/381527" data-log-props="{ &quot;id&quot;:&quot;category_menu&quot;, &quot;param&quot;:{&quot;categoryLabel&quot;:&quot;pets&quot;} }">기저귀/매너벨트</a></li>   <li><a href="/np/categories/381528" data-log-props="{ &quot;id&quot;:&quot;category_menu&quot;, &quot;param&quot;:{&quot;categoryLabel&quot;:&quot;pets&quot;} }">입마개</a></li>   <li><a href="/np/categories/381529" data-log-props="{ &quot;id&quot;:&quot;category_menu&quot;, &quot;param&quot;:{&quot;categoryLabel&quot;:&quot;pets&quot;} }">가슴줄/하네스</a></li>   <li><a href="/np/categories/381532" data-log-props="{ &quot;id&quot;:&quot;category_menu&quot;, &quot;param&quot;:{&quot;categoryLabel&quot;:&quot;pets&quot;} }">목줄</a></li>   <li><a href="/np/categories/381535" data-log-props="{ &quot;id&quot;:&quot;category_menu&quot;, &quot;param&quot;:{&quot;categoryLabel&quot;:&quot;pets&quot;} }">리드줄</a></li>   <li><a href="/np/categories/381538" data-log-props="{ &quot;id&quot;:&quot;category_menu&quot;, &quot;param&quot;:{&quot;categoryLabel&quot;:&quot;pets&quot;} }">자동줄</a></li>   <li><a href="/np/categories/381539" data-log-props="{ &quot;id&quot;:&quot;category_menu&quot;, &quot;param&quot;:{&quot;categoryLabel&quot;:&quot;pets&quot;} }">인식표/목걸이</a></li>   <li><a href="/np/categories/381540" data-log-props="{ &quot;id&quot;:&quot;category_menu&quot;, &quot;param&quot;:{&quot;categoryLabel&quot;:&quot;pets&quot;} }">이동가방/캐리어</a></li> </ul></div></li>     <li class="second-depth-list"><a href="/np/categories/118879" data-log-props="{ &quot;id&quot;:&quot;category_menu&quot;, &quot;param&quot;:{&quot;categoryLabel&quot;:&quot;pets&quot;} }">관상어 용품 <i class="depth-select-icon"></i></a><div class="third-depth-list"><ul>  <li><a href="/np/categories/119922" data-log-props="{ &quot;id&quot;:&quot;category_menu&quot;, &quot;param&quot;:{&quot;categoryLabel&quot;:&quot;pets&quot;} }">사료</a></li>   <li><a href="/np/categories/384981" data-log-props="{ &quot;id&quot;:&quot;category_menu&quot;, &quot;param&quot;:{&quot;categoryLabel&quot;:&quot;pets&quot;} }">수초/재배용품</a></li>   <li><a href="/np/categories/384995" data-log-props="{ &quot;id&quot;:&quot;category_menu&quot;, &quot;param&quot;:{&quot;categoryLabel&quot;:&quot;pets&quot;} }">수조/어항</a></li>   <li><a href="/np/categories/119925" data-log-props="{ &quot;id&quot;:&quot;category_menu&quot;, &quot;param&quot;:{&quot;categoryLabel&quot;:&quot;pets&quot;} }">수질 관리용품</a></li>   <li><a href="/np/categories/119926" data-log-props="{ &quot;id&quot;:&quot;category_menu&quot;, &quot;param&quot;:{&quot;categoryLabel&quot;:&quot;pets&quot;} }">모터/여과용품</a></li>   <li><a href="/np/categories/119927" data-log-props="{ &quot;id&quot;:&quot;category_menu&quot;, &quot;param&quot;:{&quot;categoryLabel&quot;:&quot;pets&quot;} }">수조장식/바닥재</a></li>   <li><a href="/np/categories/119928" data-log-props="{ &quot;id&quot;:&quot;category_menu&quot;, &quot;param&quot;:{&quot;categoryLabel&quot;:&quot;pets&quot;} }">히터/온도계</a></li>   <li><a href="/np/categories/119929" data-log-props="{ &quot;id&quot;:&quot;category_menu&quot;, &quot;param&quot;:{&quot;categoryLabel&quot;:&quot;pets&quot;} }">청소도구</a></li>   <li><a href="/np/categories/119932" data-log-props="{ &quot;id&quot;:&quot;category_menu&quot;, &quot;param&quot;:{&quot;categoryLabel&quot;:&quot;pets&quot;} }">조명</a></li>   <li><a href="/np/categories/119933" data-log-props="{ &quot;id&quot;:&quot;category_menu&quot;, &quot;param&quot;:{&quot;categoryLabel&quot;:&quot;pets&quot;} }">부화용품/급여기</a></li>   <li><a href="/np/categories/225108" data-log-props="{ &quot;id&quot;:&quot;category_menu&quot;, &quot;param&quot;:{&quot;categoryLabel&quot;:&quot;pets&quot;} }">관상어 도서</a></li> </ul></div></li>     <li class="second-depth-list"><a href="/np/categories/121391" data-log-props="{ &quot;id&quot;:&quot;category_menu&quot;, &quot;param&quot;:{&quot;categoryLabel&quot;:&quot;pets&quot;} }">소동물/가축용품 <i class="depth-select-icon"></i></a><div class="third-depth-list"><ul>  <li><a href="/np/categories/118880" data-log-props="{ &quot;id&quot;:&quot;category_menu&quot;, &quot;param&quot;:{&quot;categoryLabel&quot;:&quot;pets&quot;} }">조류용품</a></li>   <li><a href="/np/categories/402289" data-log-props="{ &quot;id&quot;:&quot;category_menu&quot;, &quot;param&quot;:{&quot;categoryLabel&quot;:&quot;pets&quot;} }">토끼/기니피그</a></li>   <li><a href="/np/categories/118882" data-log-props="{ &quot;id&quot;:&quot;category_menu&quot;, &quot;param&quot;:{&quot;categoryLabel&quot;:&quot;pets&quot;} }">햄스터 용품</a></li>   <li><a href="/np/categories/118883" data-log-props="{ &quot;id&quot;:&quot;category_menu&quot;, &quot;param&quot;:{&quot;categoryLabel&quot;:&quot;pets&quot;} }">고슴도치용품</a></li>   <li><a href="/np/categories/118886" data-log-props="{ &quot;id&quot;:&quot;category_menu&quot;, &quot;param&quot;:{&quot;categoryLabel&quot;:&quot;pets&quot;} }">페럿용품</a></li>   <li><a href="/np/categories/118885" data-log-props="{ &quot;id&quot;:&quot;category_menu&quot;, &quot;param&quot;:{&quot;categoryLabel&quot;:&quot;pets&quot;} }">거북이/달팽이용품</a></li>   <li><a href="/np/categories/118881" data-log-props="{ &quot;id&quot;:&quot;category_menu&quot;, &quot;param&quot;:{&quot;categoryLabel&quot;:&quot;pets&quot;} }">파충류용품</a></li>   <li><a href="/np/categories/118884" data-log-props="{ &quot;id&quot;:&quot;category_menu&quot;, &quot;param&quot;:{&quot;categoryLabel&quot;:&quot;pets&quot;} }">장수풍뎅이/곤충용품</a></li>   <li><a href="/np/categories/225990" data-log-props="{ &quot;id&quot;:&quot;category_menu&quot;, &quot;param&quot;:{&quot;categoryLabel&quot;:&quot;pets&quot;} }">가축사료/용품</a></li>   <li><a href="/np/categories/225109" data-log-props="{ &quot;id&quot;:&quot;category_menu&quot;, &quot;param&quot;:{&quot;categoryLabel&quot;:&quot;pets&quot;} }">소동물 도서</a></li> </ul></div></li>     <li class="second-depth-list"><a href="/np/campaigns/17993" data-log-props="{ &quot;id&quot;:&quot;category_menu&quot;, &quot;param&quot;:{&quot;categoryLabel&quot;:&quot;pets&quot;} }">로켓펫닥터 </a><div class="third-depth-list"><ul></ul></div></li>  </ul>
<span class="gnb-banner" style="background: #FFF">
<a class="category-banner-button" href="https://pages.coupang.com/p/145046" title="반려동물용품" data-log-props="{ &quot;id&quot;:&quot;category_menu_banner&quot;, &quot;param&quot;:{&quot;categoryLabel&quot;:&quot;pets&quot;} }">반려동물용품</a>
		<img alt="반려동물용품" data-banner-src="//image8.coupangcdn.com/image/displayitem/displayitem_ffdbc01e-9d04-41c7-87cf-de272c265c70.jpg" class="category-banner-image">
</span>

</div></div></li>







        <li class="health"><a href="/np/categories/305798" class="first-depth" data-log-props="{ &quot;id&quot;:&quot;category_menu&quot;, &quot;param&quot;:{&quot;categoryLabel&quot;:&quot;health&quot;} }">헬스/건강식품<i class="select-icon"></i></a><div class="depth"><div class="depth-list banner third"><ul>   <li class="second-depth-list"><a href="/np/campaigns/6585" data-log-props="{ &quot;id&quot;:&quot;category_menu&quot;, &quot;param&quot;:{&quot;categoryLabel&quot;:&quot;health&quot;} }">건강기능식품 </a><div class="third-depth-list"><ul></ul></div></li>     <li class="second-depth-list"><a href="/np/categories/310632" data-log-props="{ &quot;id&quot;:&quot;category_menu&quot;, &quot;param&quot;:{&quot;categoryLabel&quot;:&quot;health&quot;} }">비타민/미네랄 <i class="depth-select-icon"></i></a><div class="third-depth-list"><ul>  <li><a href="/np/categories/310633" data-log-props="{ &quot;id&quot;:&quot;category_menu&quot;, &quot;param&quot;:{&quot;categoryLabel&quot;:&quot;health&quot;} }">멀티비타민</a></li>   <li><a href="/np/categories/310634" data-log-props="{ &quot;id&quot;:&quot;category_menu&quot;, &quot;param&quot;:{&quot;categoryLabel&quot;:&quot;health&quot;} }">비타민A</a></li>   <li><a href="/np/categories/310635" data-log-props="{ &quot;id&quot;:&quot;category_menu&quot;, &quot;param&quot;:{&quot;categoryLabel&quot;:&quot;health&quot;} }">비타민B</a></li>   <li><a href="/np/categories/310636" data-log-props="{ &quot;id&quot;:&quot;category_menu&quot;, &quot;param&quot;:{&quot;categoryLabel&quot;:&quot;health&quot;} }">비오틴</a></li>   <li><a href="/np/categories/310637" data-log-props="{ &quot;id&quot;:&quot;category_menu&quot;, &quot;param&quot;:{&quot;categoryLabel&quot;:&quot;health&quot;} }">비타민C</a></li>   <li><a href="/np/categories/310638" data-log-props="{ &quot;id&quot;:&quot;category_menu&quot;, &quot;param&quot;:{&quot;categoryLabel&quot;:&quot;health&quot;} }">비타민D</a></li>   <li><a href="/np/categories/310639" data-log-props="{ &quot;id&quot;:&quot;category_menu&quot;, &quot;param&quot;:{&quot;categoryLabel&quot;:&quot;health&quot;} }">비타민E</a></li>   <li><a href="/np/categories/310640" data-log-props="{ &quot;id&quot;:&quot;category_menu&quot;, &quot;param&quot;:{&quot;categoryLabel&quot;:&quot;health&quot;} }">비타민K</a></li>   <li><a href="/np/categories/310641" data-log-props="{ &quot;id&quot;:&quot;category_menu&quot;, &quot;param&quot;:{&quot;categoryLabel&quot;:&quot;health&quot;} }">칼슘</a></li>   <li><a href="/np/categories/310642" data-log-props="{ &quot;id&quot;:&quot;category_menu&quot;, &quot;param&quot;:{&quot;categoryLabel&quot;:&quot;health&quot;} }">마그네슘</a></li>   <li><a href="/np/categories/310643" data-log-props="{ &quot;id&quot;:&quot;category_menu&quot;, &quot;param&quot;:{&quot;categoryLabel&quot;:&quot;health&quot;} }">아연</a></li>   <li><a href="/np/categories/310644" data-log-props="{ &quot;id&quot;:&quot;category_menu&quot;, &quot;param&quot;:{&quot;categoryLabel&quot;:&quot;health&quot;} }">철분</a></li>   <li><a href="/np/categories/310645" data-log-props="{ &quot;id&quot;:&quot;category_menu&quot;, &quot;param&quot;:{&quot;categoryLabel&quot;:&quot;health&quot;} }">요오드</a></li>  <li class="more-category"><a href="/np/categories/310632">더보기</a></li>              </ul></div></li>     <li class="second-depth-list"><a href="/np/categories/310655" data-log-props="{ &quot;id&quot;:&quot;category_menu&quot;, &quot;param&quot;:{&quot;categoryLabel&quot;:&quot;health&quot;} }">건강식품 <i class="depth-select-icon"></i></a><div class="third-depth-list"><ul>  <li><a href="/np/categories/310656" data-log-props="{ &quot;id&quot;:&quot;category_menu&quot;, &quot;param&quot;:{&quot;categoryLabel&quot;:&quot;health&quot;} }">유산균</a></li>   <li><a href="/np/categories/310657" data-log-props="{ &quot;id&quot;:&quot;category_menu&quot;, &quot;param&quot;:{&quot;categoryLabel&quot;:&quot;health&quot;} }">루테인</a></li>   <li><a href="/np/categories/310658" data-log-props="{ &quot;id&quot;:&quot;category_menu&quot;, &quot;param&quot;:{&quot;categoryLabel&quot;:&quot;health&quot;} }">밀크시슬</a></li>   <li><a href="/np/categories/509614" data-log-props="{ &quot;id&quot;:&quot;category_menu&quot;, &quot;param&quot;:{&quot;categoryLabel&quot;:&quot;health&quot;} }">오메가/크릴오일</a></li>   <li><a href="/np/categories/310660" data-log-props="{ &quot;id&quot;:&quot;category_menu&quot;, &quot;param&quot;:{&quot;categoryLabel&quot;:&quot;health&quot;} }">DHA</a></li>   <li><a href="/np/categories/310661" data-log-props="{ &quot;id&quot;:&quot;category_menu&quot;, &quot;param&quot;:{&quot;categoryLabel&quot;:&quot;health&quot;} }">코엔자임Q10</a></li>   <li><a href="/np/categories/310662" data-log-props="{ &quot;id&quot;:&quot;category_menu&quot;, &quot;param&quot;:{&quot;categoryLabel&quot;:&quot;health&quot;} }">히알루론산/콜라겐</a></li>   <li><a href="/np/categories/310663" data-log-props="{ &quot;id&quot;:&quot;category_menu&quot;, &quot;param&quot;:{&quot;categoryLabel&quot;:&quot;health&quot;} }">효소</a></li>   <li><a href="/np/categories/310664" data-log-props="{ &quot;id&quot;:&quot;category_menu&quot;, &quot;param&quot;:{&quot;categoryLabel&quot;:&quot;health&quot;} }">폴리코사놀</a></li>   <li><a href="/np/categories/310665" data-log-props="{ &quot;id&quot;:&quot;category_menu&quot;, &quot;param&quot;:{&quot;categoryLabel&quot;:&quot;health&quot;} }">글루코사민</a></li>   <li><a href="/np/categories/310666" data-log-props="{ &quot;id&quot;:&quot;category_menu&quot;, &quot;param&quot;:{&quot;categoryLabel&quot;:&quot;health&quot;} }">프로폴리스</a></li>   <li><a href="/np/categories/310667" data-log-props="{ &quot;id&quot;:&quot;category_menu&quot;, &quot;param&quot;:{&quot;categoryLabel&quot;:&quot;health&quot;} }">쏘팔메토</a></li>   <li><a href="/np/categories/509625" data-log-props="{ &quot;id&quot;:&quot;category_menu&quot;, &quot;param&quot;:{&quot;categoryLabel&quot;:&quot;health&quot;} }">보스웰리아</a></li>  <li class="more-category"><a href="/np/categories/310655">더보기</a></li>                                   </ul></div></li>     <li class="second-depth-list"><a href="/np/categories/310694" data-log-props="{ &quot;id&quot;:&quot;category_menu&quot;, &quot;param&quot;:{&quot;categoryLabel&quot;:&quot;health&quot;} }">허브/식물추출물 <i class="depth-select-icon"></i></a><div class="third-depth-list"><ul>  <li><a href="/np/categories/310704" data-log-props="{ &quot;id&quot;:&quot;category_menu&quot;, &quot;param&quot;:{&quot;categoryLabel&quot;:&quot;health&quot;} }">석류</a></li>   <li><a href="/np/categories/310711" data-log-props="{ &quot;id&quot;:&quot;category_menu&quot;, &quot;param&quot;:{&quot;categoryLabel&quot;:&quot;health&quot;} }">아사이베리</a></li>   <li><a href="/np/categories/310712" data-log-props="{ &quot;id&quot;:&quot;category_menu&quot;, &quot;param&quot;:{&quot;categoryLabel&quot;:&quot;health&quot;} }">크랜베리</a></li>   <li><a href="/np/categories/310713" data-log-props="{ &quot;id&quot;:&quot;category_menu&quot;, &quot;param&quot;:{&quot;categoryLabel&quot;:&quot;health&quot;} }">블루베리</a></li>   <li><a href="/np/categories/310705" data-log-props="{ &quot;id&quot;:&quot;category_menu&quot;, &quot;param&quot;:{&quot;categoryLabel&quot;:&quot;health&quot;} }">클로렐라</a></li>   <li><a href="/np/categories/310719" data-log-props="{ &quot;id&quot;:&quot;category_menu&quot;, &quot;param&quot;:{&quot;categoryLabel&quot;:&quot;health&quot;} }">쏘팔메토</a></li>   <li><a href="/np/categories/310718" data-log-props="{ &quot;id&quot;:&quot;category_menu&quot;, &quot;param&quot;:{&quot;categoryLabel&quot;:&quot;health&quot;} }">루테인</a></li>   <li><a href="/np/categories/310714" data-log-props="{ &quot;id&quot;:&quot;category_menu&quot;, &quot;param&quot;:{&quot;categoryLabel&quot;:&quot;health&quot;} }">빌베리</a></li>   <li><a href="/np/categories/310717" data-log-props="{ &quot;id&quot;:&quot;category_menu&quot;, &quot;param&quot;:{&quot;categoryLabel&quot;:&quot;health&quot;} }">프로폴리스</a></li>   <li><a href="/np/categories/310702" data-log-props="{ &quot;id&quot;:&quot;category_menu&quot;, &quot;param&quot;:{&quot;categoryLabel&quot;:&quot;health&quot;} }">로열젤리/벌화분</a></li>   <li><a href="/np/categories/310716" data-log-props="{ &quot;id&quot;:&quot;category_menu&quot;, &quot;param&quot;:{&quot;categoryLabel&quot;:&quot;health&quot;} }">밀크시슬</a></li>   <li><a href="/np/categories/310697" data-log-props="{ &quot;id&quot;:&quot;category_menu&quot;, &quot;param&quot;:{&quot;categoryLabel&quot;:&quot;health&quot;} }">징코</a></li>   <li><a href="/np/categories/310698" data-log-props="{ &quot;id&quot;:&quot;category_menu&quot;, &quot;param&quot;:{&quot;categoryLabel&quot;:&quot;health&quot;} }">마카</a></li>  <li class="more-category"><a href="/np/categories/310694">더보기</a></li>                                         </ul></div></li>     <li class="second-depth-list"><a href="/np/categories/311209" data-log-props="{ &quot;id&quot;:&quot;category_menu&quot;, &quot;param&quot;:{&quot;categoryLabel&quot;:&quot;health&quot;} }">홍삼/인삼 <i class="depth-select-icon"></i></a><div class="third-depth-list"><ul>  <li><a href="/np/categories/311210" data-log-props="{ &quot;id&quot;:&quot;category_menu&quot;, &quot;param&quot;:{&quot;categoryLabel&quot;:&quot;health&quot;} }">홍삼농축액/홍삼정</a></li>   <li><a href="/np/categories/311211" data-log-props="{ &quot;id&quot;:&quot;category_menu&quot;, &quot;param&quot;:{&quot;categoryLabel&quot;:&quot;health&quot;} }">홍삼진액/파우치</a></li>   <li><a href="/np/categories/311212" data-log-props="{ &quot;id&quot;:&quot;category_menu&quot;, &quot;param&quot;:{&quot;categoryLabel&quot;:&quot;health&quot;} }">홍삼정과/절편</a></li>   <li><a href="/np/categories/311213" data-log-props="{ &quot;id&quot;:&quot;category_menu&quot;, &quot;param&quot;:{&quot;categoryLabel&quot;:&quot;health&quot;} }">홍삼캡슐</a></li>   <li><a href="/np/categories/311214" data-log-props="{ &quot;id&quot;:&quot;category_menu&quot;, &quot;param&quot;:{&quot;categoryLabel&quot;:&quot;health&quot;} }">홍삼환</a></li>   <li><a href="/np/categories/311215" data-log-props="{ &quot;id&quot;:&quot;category_menu&quot;, &quot;param&quot;:{&quot;categoryLabel&quot;:&quot;health&quot;} }">홍삼캔디/젤리</a></li>   <li><a href="/np/categories/311216" data-log-props="{ &quot;id&quot;:&quot;category_menu&quot;, &quot;param&quot;:{&quot;categoryLabel&quot;:&quot;health&quot;} }">어린이홍삼</a></li>   <li><a href="/np/categories/311217" data-log-props="{ &quot;id&quot;:&quot;category_menu&quot;, &quot;param&quot;:{&quot;categoryLabel&quot;:&quot;health&quot;} }">기타 홍삼</a></li>   <li><a href="/np/categories/311218" data-log-props="{ &quot;id&quot;:&quot;category_menu&quot;, &quot;param&quot;:{&quot;categoryLabel&quot;:&quot;health&quot;} }">인삼/수삼/장뇌삼</a></li> </ul></div></li>     <li class="second-depth-list"><a href="/np/categories/311219" data-log-props="{ &quot;id&quot;:&quot;category_menu&quot;, &quot;param&quot;:{&quot;categoryLabel&quot;:&quot;health&quot;} }">건강즙/음료 <i class="depth-select-icon"></i></a><div class="third-depth-list"><ul>  <li><a href="/np/categories/311223" data-log-props="{ &quot;id&quot;:&quot;category_menu&quot;, &quot;param&quot;:{&quot;categoryLabel&quot;:&quot;health&quot;} }">배즙/도라지즙</a></li>   <li><a href="/np/categories/486650" data-log-props="{ &quot;id&quot;:&quot;category_menu&quot;, &quot;param&quot;:{&quot;categoryLabel&quot;:&quot;health&quot;} }">양배추즙</a></li>   <li><a href="/np/categories/486651" data-log-props="{ &quot;id&quot;:&quot;category_menu&quot;, &quot;param&quot;:{&quot;categoryLabel&quot;:&quot;health&quot;} }">비트/호박즙</a></li>   <li><a href="/np/categories/311220" data-log-props="{ &quot;id&quot;:&quot;category_menu&quot;, &quot;param&quot;:{&quot;categoryLabel&quot;:&quot;health&quot;} }">ABC/석류/사과/포도</a></li>   <li><a href="/np/categories/311224" data-log-props="{ &quot;id&quot;:&quot;category_menu&quot;, &quot;param&quot;:{&quot;categoryLabel&quot;:&quot;health&quot;} }">양파즙/마늘즙</a></li>   <li><a href="/np/categories/311227" data-log-props="{ &quot;id&quot;:&quot;category_menu&quot;, &quot;param&quot;:{&quot;categoryLabel&quot;:&quot;health&quot;} }">기타건강즙</a></li>   <li><a href="/np/categories/501428" data-log-props="{ &quot;id&quot;:&quot;category_menu&quot;, &quot;param&quot;:{&quot;categoryLabel&quot;:&quot;health&quot;} }">건강음료</a></li> </ul></div></li>     <li class="second-depth-list"><a href="/np/categories/501440" data-log-props="{ &quot;id&quot;:&quot;category_menu&quot;, &quot;param&quot;:{&quot;categoryLabel&quot;:&quot;health&quot;} }">꿀/프로폴리스 <i class="depth-select-icon"></i></a><div class="third-depth-list"><ul>  <li><a href="/np/categories/501441" data-log-props="{ &quot;id&quot;:&quot;category_menu&quot;, &quot;param&quot;:{&quot;categoryLabel&quot;:&quot;health&quot;} }">일반꿀</a></li>   <li><a href="/np/categories/501442" data-log-props="{ &quot;id&quot;:&quot;category_menu&quot;, &quot;param&quot;:{&quot;categoryLabel&quot;:&quot;health&quot;} }">벌집꿀</a></li>   <li><a href="/np/categories/501443" data-log-props="{ &quot;id&quot;:&quot;category_menu&quot;, &quot;param&quot;:{&quot;categoryLabel&quot;:&quot;health&quot;} }">로얄젤리</a></li>   <li><a href="/np/categories/501444" data-log-props="{ &quot;id&quot;:&quot;category_menu&quot;, &quot;param&quot;:{&quot;categoryLabel&quot;:&quot;health&quot;} }">허니파우더/벌화분</a></li>   <li><a href="/np/categories/501445" data-log-props="{ &quot;id&quot;:&quot;category_menu&quot;, &quot;param&quot;:{&quot;categoryLabel&quot;:&quot;health&quot;} }">프로폴리스</a></li> </ul></div></li>     <li class="second-depth-list"><a href="/np/categories/501446" data-log-props="{ &quot;id&quot;:&quot;category_menu&quot;, &quot;param&quot;:{&quot;categoryLabel&quot;:&quot;health&quot;} }">건강분말/건강환 <i class="depth-select-icon"></i></a><div class="third-depth-list"><ul>  <li><a href="/np/categories/501447" data-log-props="{ &quot;id&quot;:&quot;category_menu&quot;, &quot;param&quot;:{&quot;categoryLabel&quot;:&quot;health&quot;} }">건강환</a></li>   <li><a href="/np/categories/501448" data-log-props="{ &quot;id&quot;:&quot;category_menu&quot;, &quot;param&quot;:{&quot;categoryLabel&quot;:&quot;health&quot;} }">건강분말</a></li> </ul></div></li>     <li class="second-depth-list"><a href="/np/categories/310722" data-log-props="{ &quot;id&quot;:&quot;category_menu&quot;, &quot;param&quot;:{&quot;categoryLabel&quot;:&quot;health&quot;} }">헬스보충식품 <i class="depth-select-icon"></i></a><div class="third-depth-list"><ul>  <li><a href="/np/categories/310723" data-log-props="{ &quot;id&quot;:&quot;category_menu&quot;, &quot;param&quot;:{&quot;categoryLabel&quot;:&quot;health&quot;} }">프로틴</a></li>   <li><a href="/np/categories/310731" data-log-props="{ &quot;id&quot;:&quot;category_menu&quot;, &quot;param&quot;:{&quot;categoryLabel&quot;:&quot;health&quot;} }">크레아틴</a></li>   <li><a href="/np/categories/310732" data-log-props="{ &quot;id&quot;:&quot;category_menu&quot;, &quot;param&quot;:{&quot;categoryLabel&quot;:&quot;health&quot;} }">아미노산</a></li>   <li><a href="/np/categories/310744" data-log-props="{ &quot;id&quot;:&quot;category_menu&quot;, &quot;param&quot;:{&quot;categoryLabel&quot;:&quot;health&quot;} }">기타헬스보조제</a></li> </ul></div></li>     <li class="second-depth-list"><a href="/np/categories/310745" data-log-props="{ &quot;id&quot;:&quot;category_menu&quot;, &quot;param&quot;:{&quot;categoryLabel&quot;:&quot;health&quot;} }">다이어트/이너뷰티 <i class="depth-select-icon"></i></a><div class="third-depth-list"><ul>  <li><a href="/np/categories/310746" data-log-props="{ &quot;id&quot;:&quot;category_menu&quot;, &quot;param&quot;:{&quot;categoryLabel&quot;:&quot;health&quot;} }">탄수화물차단제</a></li>   <li><a href="/np/categories/310750" data-log-props="{ &quot;id&quot;:&quot;category_menu&quot;, &quot;param&quot;:{&quot;categoryLabel&quot;:&quot;health&quot;} }">체지방감소제</a></li>   <li><a href="/np/categories/310759" data-log-props="{ &quot;id&quot;:&quot;category_menu&quot;, &quot;param&quot;:{&quot;categoryLabel&quot;:&quot;health&quot;} }">다이어트 쉐이크</a></li>   <li><a href="/np/categories/501449" data-log-props="{ &quot;id&quot;:&quot;category_menu&quot;, &quot;param&quot;:{&quot;categoryLabel&quot;:&quot;health&quot;} }">과일/야채음료</a></li>   <li><a href="/np/categories/501450" data-log-props="{ &quot;id&quot;:&quot;category_menu&quot;, &quot;param&quot;:{&quot;categoryLabel&quot;:&quot;health&quot;} }">히알루론산/콜라겐</a></li>   <li><a href="/np/categories/501451" data-log-props="{ &quot;id&quot;:&quot;category_menu&quot;, &quot;param&quot;:{&quot;categoryLabel&quot;:&quot;health&quot;} }">석류</a></li>   <li><a href="/np/categories/310760" data-log-props="{ &quot;id&quot;:&quot;category_menu&quot;, &quot;param&quot;:{&quot;categoryLabel&quot;:&quot;health&quot;} }">기타다이어트식품</a></li> </ul></div></li>     <li class="second-depth-list"><a href="/np/categories/566996" data-log-props="{ &quot;id&quot;:&quot;category_menu&quot;, &quot;param&quot;:{&quot;categoryLabel&quot;:&quot;health&quot;} }">영양식/선식 <i class="depth-select-icon"></i></a><div class="third-depth-list"><ul>  <li><a href="/np/categories/566997" data-log-props="{ &quot;id&quot;:&quot;category_menu&quot;, &quot;param&quot;:{&quot;categoryLabel&quot;:&quot;health&quot;} }">건강회복식</a></li>   <li><a href="/np/categories/566998" data-log-props="{ &quot;id&quot;:&quot;category_menu&quot;, &quot;param&quot;:{&quot;categoryLabel&quot;:&quot;health&quot;} }">성인분유</a></li>   <li><a href="/np/categories/566999" data-log-props="{ &quot;id&quot;:&quot;category_menu&quot;, &quot;param&quot;:{&quot;categoryLabel&quot;:&quot;health&quot;} }">기타영양식</a></li> </ul></div></li>     <li class="second-depth-list"><a href="/np/categories/501398" data-log-props="{ &quot;id&quot;:&quot;category_menu&quot;, &quot;param&quot;:{&quot;categoryLabel&quot;:&quot;health&quot;} }">어린이 건강식품 <i class="depth-select-icon"></i></a><div class="third-depth-list"><ul>  <li><a href="/np/categories/501399" data-log-props="{ &quot;id&quot;:&quot;category_menu&quot;, &quot;param&quot;:{&quot;categoryLabel&quot;:&quot;health&quot;} }">비타민/미네랄</a></li>   <li><a href="/np/categories/501400" data-log-props="{ &quot;id&quot;:&quot;category_menu&quot;, &quot;param&quot;:{&quot;categoryLabel&quot;:&quot;health&quot;} }">홍삼</a></li>   <li><a href="/np/categories/501401" data-log-props="{ &quot;id&quot;:&quot;category_menu&quot;, &quot;param&quot;:{&quot;categoryLabel&quot;:&quot;health&quot;} }">칼슘</a></li>   <li><a href="/np/categories/501402" data-log-props="{ &quot;id&quot;:&quot;category_menu&quot;, &quot;param&quot;:{&quot;categoryLabel&quot;:&quot;health&quot;} }">유산균/초유</a></li>   <li><a href="/np/categories/501403" data-log-props="{ &quot;id&quot;:&quot;category_menu&quot;, &quot;param&quot;:{&quot;categoryLabel&quot;:&quot;health&quot;} }">오메가</a></li>   <li><a href="/np/categories/501404" data-log-props="{ &quot;id&quot;:&quot;category_menu&quot;, &quot;param&quot;:{&quot;categoryLabel&quot;:&quot;health&quot;} }">기타 건강식품</a></li> </ul></div></li>     <li class="second-depth-list"><a href="/np/categories/501452" data-log-props="{ &quot;id&quot;:&quot;category_menu&quot;, &quot;param&quot;:{&quot;categoryLabel&quot;:&quot;health&quot;} }">홈트레이닝 <i class="depth-select-icon"></i></a><div class="third-depth-list"><ul>  <li><a href="/np/categories/501453" data-log-props="{ &quot;id&quot;:&quot;category_menu&quot;, &quot;param&quot;:{&quot;categoryLabel&quot;:&quot;health&quot;} }">스트레칭/마사지</a></li>   <li><a href="/np/categories/501462" data-log-props="{ &quot;id&quot;:&quot;category_menu&quot;, &quot;param&quot;:{&quot;categoryLabel&quot;:&quot;health&quot;} }">유산소</a></li>   <li><a href="/np/categories/501469" data-log-props="{ &quot;id&quot;:&quot;category_menu&quot;, &quot;param&quot;:{&quot;categoryLabel&quot;:&quot;health&quot;} }">근력</a></li>   <li><a href="/np/categories/501478" data-log-props="{ &quot;id&quot;:&quot;category_menu&quot;, &quot;param&quot;:{&quot;categoryLabel&quot;:&quot;health&quot;} }">보호대/체중계</a></li> </ul></div></li>     <li class="second-depth-list"><a href="/np/categories/334193" data-log-props="{ &quot;id&quot;:&quot;category_menu&quot;, &quot;param&quot;:{&quot;categoryLabel&quot;:&quot;health&quot;} }">헬스/요가용품 <i class="depth-select-icon"></i></a><div class="third-depth-list"><ul>  <li><a href="/np/categories/334194" data-log-props="{ &quot;id&quot;:&quot;category_menu&quot;, &quot;param&quot;:{&quot;categoryLabel&quot;:&quot;health&quot;} }">요가/필라테스</a></li>   <li><a href="/np/categories/334208" data-log-props="{ &quot;id&quot;:&quot;category_menu&quot;, &quot;param&quot;:{&quot;categoryLabel&quot;:&quot;health&quot;} }">근력운동</a></li>   <li><a href="/np/categories/334236" data-log-props="{ &quot;id&quot;:&quot;category_menu&quot;, &quot;param&quot;:{&quot;categoryLabel&quot;:&quot;health&quot;} }">유산소운동</a></li>   <li><a href="/np/categories/334251" data-log-props="{ &quot;id&quot;:&quot;category_menu&quot;, &quot;param&quot;:{&quot;categoryLabel&quot;:&quot;health&quot;} }">스트레칭/균형</a></li>   <li><a href="/np/categories/334259" data-log-props="{ &quot;id&quot;:&quot;category_menu&quot;, &quot;param&quot;:{&quot;categoryLabel&quot;:&quot;health&quot;} }">헬스소품/보호대</a></li>   <li><a href="/np/categories/334270" data-log-props="{ &quot;id&quot;:&quot;category_menu&quot;, &quot;param&quot;:{&quot;categoryLabel&quot;:&quot;health&quot;} }">운동측정용품</a></li>   <li><a href="/np/categories/376551" data-log-props="{ &quot;id&quot;:&quot;category_menu&quot;, &quot;param&quot;:{&quot;categoryLabel&quot;:&quot;health&quot;} }">부위별 운동용품</a></li> </ul></div></li>     <li class="second-depth-list"><a href="/np/categories/310834" data-log-props="{ &quot;id&quot;:&quot;category_menu&quot;, &quot;param&quot;:{&quot;categoryLabel&quot;:&quot;health&quot;} }">건강가전 <i class="depth-select-icon"></i></a><div class="third-depth-list"><ul>  <li><a href="/np/categories/310835" data-log-props="{ &quot;id&quot;:&quot;category_menu&quot;, &quot;param&quot;:{&quot;categoryLabel&quot;:&quot;health&quot;} }">안마/찜질기</a></li>   <li><a href="/np/categories/501485" data-log-props="{ &quot;id&quot;:&quot;category_menu&quot;, &quot;param&quot;:{&quot;categoryLabel&quot;:&quot;health&quot;} }">공기청정기/가습기</a></li>   <li><a href="/np/categories/310850" data-log-props="{ &quot;id&quot;:&quot;category_menu&quot;, &quot;param&quot;:{&quot;categoryLabel&quot;:&quot;health&quot;} }">손소독/살균기</a></li>   <li><a href="/np/categories/310841" data-log-props="{ &quot;id&quot;:&quot;category_menu&quot;, &quot;param&quot;:{&quot;categoryLabel&quot;:&quot;health&quot;} }">전동칫솔/살균기</a></li>   <li><a href="/np/categories/310846" data-log-props="{ &quot;id&quot;:&quot;category_menu&quot;, &quot;param&quot;:{&quot;categoryLabel&quot;:&quot;health&quot;} }">비데</a></li> </ul></div></li>     <li class="second-depth-list"><a href="/np/categories/310856" data-log-props="{ &quot;id&quot;:&quot;category_menu&quot;, &quot;param&quot;:{&quot;categoryLabel&quot;:&quot;health&quot;} }">건강도서 <i class="depth-select-icon"></i></a><div class="third-depth-list"><ul>  <li><a href="/np/categories/310857" data-log-props="{ &quot;id&quot;:&quot;category_menu&quot;, &quot;param&quot;:{&quot;categoryLabel&quot;:&quot;health&quot;} }">다이어트</a></li>   <li><a href="/np/categories/310858" data-log-props="{ &quot;id&quot;:&quot;category_menu&quot;, &quot;param&quot;:{&quot;categoryLabel&quot;:&quot;health&quot;} }">요가/체조/기타</a></li>   <li><a href="/np/categories/310860" data-log-props="{ &quot;id&quot;:&quot;category_menu&quot;, &quot;param&quot;:{&quot;categoryLabel&quot;:&quot;health&quot;} }">한의학/한방치료</a></li>   <li><a href="/np/categories/310861" data-log-props="{ &quot;id&quot;:&quot;category_menu&quot;, &quot;param&quot;:{&quot;categoryLabel&quot;:&quot;health&quot;} }">건강에세이</a></li>   <li><a href="/np/categories/310862" data-log-props="{ &quot;id&quot;:&quot;category_menu&quot;, &quot;param&quot;:{&quot;categoryLabel&quot;:&quot;health&quot;} }">건강/다이어트요리</a></li>   <li><a href="/np/categories/310863" data-log-props="{ &quot;id&quot;:&quot;category_menu&quot;, &quot;param&quot;:{&quot;categoryLabel&quot;:&quot;health&quot;} }">해외건강도서</a></li> </ul></div></li>    <li class="second-depth-list more-category"><a href="/np/categories/305798">더보기</a></li>   </ul>
<span class="gnb-banner" style="background: #FFF">
<a class="category-banner-button" href="/np/campaigns/6585" title="건강기능식품" data-log-props="{ &quot;id&quot;:&quot;category_menu_banner&quot;, &quot;param&quot;:{&quot;categoryLabel&quot;:&quot;health&quot;} }">헬스/건강식품</a>
		<img alt="건강기능식품" data-banner-src="//image10.coupangcdn.com/image/displayitem/displayitem_595e990e-a619-4b1c-8b89-d3fbc0fd981a.jpg" class="category-banner-image">
</span>

</div></div></li>




    </ul>

    <div class="none" style="margin-block: 1em; margin-inline: 0; font-weight: bold; unicode-bidi: isolate">티켓</div>
    <ul class="menu ticket-menu-list">

            <li class="travel-leisure">
                <a href="https://trip.coupang.com?channel=category" style="cursor: pointer;">여행/티켓
                    <i class="ic-new"></i>
                    <i class="select-icon"></i>
                </a>
                <div class="depth">
                    <div class="depth-list banner">
                        <div class="travel-category-nav">
                            <a href="https://trip.coupang.com?channel=category" class="travel-home">여행 홈 바로가기</a>

                                <p class="travel-leisure">국내여행</p>
                                <ul class="travel-second-depth-list">




                                                <li class="travel-second-depth-row">
                                                    <a href="/np/categories/396467" data-log-props="{ &quot;id&quot;:&quot;category_menu&quot;, &quot;param&quot;:{&quot;categoryLabel&quot;:&quot;Travel-Domestic&quot;} }">
                                                        티켓/패스
                                                        <i class="depth-select-icon"></i>
                                                    </a>
                                                    <div class="travel-third-depth-list">
                                                        <ul>



                                                                    <li>
                                                                        <a href="/np/categories/396471" data-log-props="{ &quot;id&quot;:&quot;category_menu&quot;, &quot;param&quot;:{&quot;categoryLabel&quot;:&quot;Travel-Domestic&quot;} }">
                                                                            테마파크
                                                                        </a>
                                                                    </li>




                                                                    <li>
                                                                        <a href="/np/categories/396478" data-log-props="{ &quot;id&quot;:&quot;category_menu&quot;, &quot;param&quot;:{&quot;categoryLabel&quot;:&quot;Travel-Domestic&quot;} }">
                                                                            E쿠폰/호텔뷔페
                                                                        </a>
                                                                    </li>




                                                                    <li>
                                                                        <a href="/np/categories/396472" data-log-props="{ &quot;id&quot;:&quot;category_menu&quot;, &quot;param&quot;:{&quot;categoryLabel&quot;:&quot;Travel-Domestic&quot;} }">
                                                                            워터파크/스파
                                                                        </a>
                                                                    </li>




                                                                    <li>
                                                                        <a href="/np/categories/396473" data-log-props="{ &quot;id&quot;:&quot;category_menu&quot;, &quot;param&quot;:{&quot;categoryLabel&quot;:&quot;Travel-Domestic&quot;} }">
                                                                            키즈파크/키즈체험
                                                                        </a>
                                                                    </li>




                                                                    <li>
                                                                        <a href="/np/categories/487364" data-log-props="{ &quot;id&quot;:&quot;category_menu&quot;, &quot;param&quot;:{&quot;categoryLabel&quot;:&quot;Travel-Domestic&quot;} }">
                                                                            액티비티/레저
                                                                        </a>
                                                                    </li>




                                                                    <li>
                                                                        <a href="/np/categories/396477" data-log-props="{ &quot;id&quot;:&quot;category_menu&quot;, &quot;param&quot;:{&quot;categoryLabel&quot;:&quot;Travel-Domestic&quot;} }">
                                                                            공연/전시
                                                                        </a>
                                                                    </li>




                                                                    <li>
                                                                        <a href="/np/categories/396476" data-log-props="{ &quot;id&quot;:&quot;category_menu&quot;, &quot;param&quot;:{&quot;categoryLabel&quot;:&quot;Travel-Domestic&quot;} }">
                                                                            유람선/요트/승선권
                                                                        </a>
                                                                    </li>




                                                                    <li>
                                                                        <a href="/np/categories/487366" data-log-props="{ &quot;id&quot;:&quot;category_menu&quot;, &quot;param&quot;:{&quot;categoryLabel&quot;:&quot;Travel-Domestic&quot;} }">
                                                                            체험/원데이클래스
                                                                        </a>
                                                                    </li>




                                                                    <li>
                                                                        <a href="/np/categories/396475" data-log-props="{ &quot;id&quot;:&quot;category_menu&quot;, &quot;param&quot;:{&quot;categoryLabel&quot;:&quot;Travel-Domestic&quot;} }">
                                                                            제주관광지
                                                                        </a>
                                                                    </li>




                                                                    <li>
                                                                        <a href="/np/categories/487365" data-log-props="{ &quot;id&quot;:&quot;category_menu&quot;, &quot;param&quot;:{&quot;categoryLabel&quot;:&quot;Travel-Domestic&quot;} }">
                                                                            골프
                                                                        </a>
                                                                    </li>




                                                                    <li>
                                                                        <a href="/np/categories/487367" data-log-props="{ &quot;id&quot;:&quot;category_menu&quot;, &quot;param&quot;:{&quot;categoryLabel&quot;:&quot;Travel-Domestic&quot;} }">
                                                                            테마카페/여행편의
                                                                        </a>
                                                                    </li>


                                                        </ul>
                                                    </div>
                                                </li>






                                                <li class="travel-second-depth-row">
                                                    <a href="/np/categories/396466" data-log-props="{ &quot;id&quot;:&quot;category_menu&quot;, &quot;param&quot;:{&quot;categoryLabel&quot;:&quot;Travel-Domestic&quot;} }">
                                                        호텔/리조트

                                                    </a>
                                                    <div class="travel-third-depth-list">
                                                        <ul>

                                                        </ul>
                                                    </div>
                                                </li>






                                                <li class="travel-second-depth-row">
                                                    <a href="/np/categories/396465" data-log-props="{ &quot;id&quot;:&quot;category_menu&quot;, &quot;param&quot;:{&quot;categoryLabel&quot;:&quot;Travel-Domestic&quot;} }">
                                                        펜션/캠핑

                                                    </a>
                                                    <div class="travel-third-depth-list">
                                                        <ul>

                                                        </ul>
                                                    </div>
                                                </li>






                                                <li class="travel-second-depth-row">
                                                    <a href="/np/categories/396470" data-log-props="{ &quot;id&quot;:&quot;category_menu&quot;, &quot;param&quot;:{&quot;categoryLabel&quot;:&quot;Travel-Domestic&quot;} }">
                                                        패키지여행/항공
                                                        <i class="depth-select-icon"></i>
                                                    </a>
                                                    <div class="travel-third-depth-list">
                                                        <ul>



                                                                    <li>
                                                                        <a href="/np/categories/396482" data-log-props="{ &quot;id&quot;:&quot;category_menu&quot;, &quot;param&quot;:{&quot;categoryLabel&quot;:&quot;Travel-Domestic&quot;} }">
                                                                            제주항공권
                                                                        </a>
                                                                    </li>




                                                                    <li>
                                                                        <a href="/np/categories/396483" data-log-props="{ &quot;id&quot;:&quot;category_menu&quot;, &quot;param&quot;:{&quot;categoryLabel&quot;:&quot;Travel-Domestic&quot;} }">
                                                                            제주여행
                                                                        </a>
                                                                    </li>




                                                                    <li>
                                                                        <a href="/np/categories/396484" data-log-props="{ &quot;id&quot;:&quot;category_menu&quot;, &quot;param&quot;:{&quot;categoryLabel&quot;:&quot;Travel-Domestic&quot;} }">
                                                                            내륙버스여행
                                                                        </a>
                                                                    </li>




                                                                    <li>
                                                                        <a href="/np/categories/396485" data-log-props="{ &quot;id&quot;:&quot;category_menu&quot;, &quot;param&quot;:{&quot;categoryLabel&quot;:&quot;Travel-Domestic&quot;} }">
                                                                            내륙기차여행
                                                                        </a>
                                                                    </li>




                                                                    <li>
                                                                        <a href="/np/categories/396486" data-log-props="{ &quot;id&quot;:&quot;category_menu&quot;, &quot;param&quot;:{&quot;categoryLabel&quot;:&quot;Travel-Domestic&quot;} }">
                                                                            섬여행
                                                                        </a>
                                                                    </li>




                                                                    <li>
                                                                        <a href="/np/categories/397386" data-log-props="{ &quot;id&quot;:&quot;category_menu&quot;, &quot;param&quot;:{&quot;categoryLabel&quot;:&quot;Travel-Domestic&quot;} }">
                                                                            내륙자유여행
                                                                        </a>
                                                                    </li>


                                                        </ul>
                                                    </div>
                                                </li>






                                                <li class="travel-second-depth-row">
                                                    <a href="/np/categories/396468" data-log-props="{ &quot;id&quot;:&quot;category_menu&quot;, &quot;param&quot;:{&quot;categoryLabel&quot;:&quot;Travel-Domestic&quot;} }">
                                                        렌터카
                                                        <i class="depth-select-icon"></i>
                                                    </a>
                                                    <div class="travel-third-depth-list">
                                                        <ul>



                                                                    <li>
                                                                        <a href="/np/categories/396479" data-log-props="{ &quot;id&quot;:&quot;category_menu&quot;, &quot;param&quot;:{&quot;categoryLabel&quot;:&quot;Travel-Domestic&quot;} }">
                                                                            제주
                                                                        </a>
                                                                    </li>




                                                                    <li>
                                                                        <a href="/np/categories/396519" data-log-props="{ &quot;id&quot;:&quot;category_menu&quot;, &quot;param&quot;:{&quot;categoryLabel&quot;:&quot;Travel-Domestic&quot;} }">
                                                                            부산
                                                                        </a>
                                                                    </li>




                                                                    <li>
                                                                        <a href="/np/categories/396512" data-log-props="{ &quot;id&quot;:&quot;category_menu&quot;, &quot;param&quot;:{&quot;categoryLabel&quot;:&quot;Travel-Domestic&quot;} }">
                                                                            서울
                                                                        </a>
                                                                    </li>




                                                                    <li>
                                                                        <a href="/np/categories/397383" data-log-props="{ &quot;id&quot;:&quot;category_menu&quot;, &quot;param&quot;:{&quot;categoryLabel&quot;:&quot;Travel-Domestic&quot;} }">
                                                                            광주
                                                                        </a>
                                                                    </li>




                                                                    <li>
                                                                        <a href="/np/categories/396514" data-log-props="{ &quot;id&quot;:&quot;category_menu&quot;, &quot;param&quot;:{&quot;categoryLabel&quot;:&quot;Travel-Domestic&quot;} }">
                                                                            경기
                                                                        </a>
                                                                    </li>




                                                                    <li>
                                                                        <a href="/np/categories/396515" data-log-props="{ &quot;id&quot;:&quot;category_menu&quot;, &quot;param&quot;:{&quot;categoryLabel&quot;:&quot;Travel-Domestic&quot;} }">
                                                                            강원
                                                                        </a>
                                                                    </li>




                                                                    <li>
                                                                        <a href="/np/categories/396480" data-log-props="{ &quot;id&quot;:&quot;category_menu&quot;, &quot;param&quot;:{&quot;categoryLabel&quot;:&quot;Travel-Domestic&quot;} }">
                                                                            전국 렌터카
                                                                        </a>
                                                                    </li>


                                                        </ul>
                                                    </div>
                                                </li>



                                </ul>

                                <p class="travel-international">해외여행</p>
                                <ul class="travel-second-depth-list">




                                                <li class="travel-second-depth-row">
                                                    <a href="/np/categories/396554" data-log-props="{ &quot;id&quot;:&quot;category_menu&quot;, &quot;param&quot;:{&quot;categoryLabel&quot;:&quot;Travel-Overseas&quot;} }">
                                                        패키지여행
                                                        <i class="depth-select-icon"></i>
                                                    </a>
                                                    <div class="travel-third-depth-list">
                                                        <ul>



                                                                    <li>
                                                                        <a href="/np/categories/396560" data-log-props="{ &quot;id&quot;:&quot;category_menu&quot;, &quot;param&quot;:{&quot;categoryLabel&quot;:&quot;Travel-Overseas&quot;} }">
                                                                            일본
                                                                        </a>
                                                                    </li>




                                                                    <li>
                                                                        <a href="/np/categories/396559" data-log-props="{ &quot;id&quot;:&quot;category_menu&quot;, &quot;param&quot;:{&quot;categoryLabel&quot;:&quot;Travel-Overseas&quot;} }">
                                                                            동남아시아/방콕/싱가포르
                                                                        </a>
                                                                    </li>




                                                                    <li>
                                                                        <a href="/np/categories/396563" data-log-props="{ &quot;id&quot;:&quot;category_menu&quot;, &quot;param&quot;:{&quot;categoryLabel&quot;:&quot;Travel-Overseas&quot;} }">
                                                                            괌/사이판/호주
                                                                        </a>
                                                                    </li>




                                                                    <li>
                                                                        <a href="/np/categories/396565" data-log-props="{ &quot;id&quot;:&quot;category_menu&quot;, &quot;param&quot;:{&quot;categoryLabel&quot;:&quot;Travel-Overseas&quot;} }">
                                                                            유럽
                                                                        </a>
                                                                    </li>




                                                                    <li>
                                                                        <a href="/np/categories/396562" data-log-props="{ &quot;id&quot;:&quot;category_menu&quot;, &quot;param&quot;:{&quot;categoryLabel&quot;:&quot;Travel-Overseas&quot;} }">
                                                                            대만/홍콩/마카오
                                                                        </a>
                                                                    </li>




                                                                    <li>
                                                                        <a href="/np/categories/396564" data-log-props="{ &quot;id&quot;:&quot;category_menu&quot;, &quot;param&quot;:{&quot;categoryLabel&quot;:&quot;Travel-Overseas&quot;} }">
                                                                            미주/기타
                                                                        </a>
                                                                    </li>




                                                                    <li>
                                                                        <a href="/np/categories/396561" data-log-props="{ &quot;id&quot;:&quot;category_menu&quot;, &quot;param&quot;:{&quot;categoryLabel&quot;:&quot;Travel-Overseas&quot;} }">
                                                                            중국
                                                                        </a>
                                                                    </li>


                                                        </ul>
                                                    </div>
                                                </li>






                                                <li class="travel-second-depth-row">
                                                    <a href="/np/categories/396555" data-log-props="{ &quot;id&quot;:&quot;category_menu&quot;, &quot;param&quot;:{&quot;categoryLabel&quot;:&quot;Travel-Overseas&quot;} }">
                                                        자유여행/항공
                                                        <i class="depth-select-icon"></i>
                                                    </a>
                                                    <div class="travel-third-depth-list">
                                                        <ul>



                                                                    <li>
                                                                        <a href="/np/categories/396567" data-log-props="{ &quot;id&quot;:&quot;category_menu&quot;, &quot;param&quot;:{&quot;categoryLabel&quot;:&quot;Travel-Overseas&quot;} }">
                                                                            일본
                                                                        </a>
                                                                    </li>




                                                                    <li>
                                                                        <a href="/np/categories/396566" data-log-props="{ &quot;id&quot;:&quot;category_menu&quot;, &quot;param&quot;:{&quot;categoryLabel&quot;:&quot;Travel-Overseas&quot;} }">
                                                                            동남아시아/방콕/싱가포르
                                                                        </a>
                                                                    </li>




                                                                    <li>
                                                                        <a href="/np/categories/396570" data-log-props="{ &quot;id&quot;:&quot;category_menu&quot;, &quot;param&quot;:{&quot;categoryLabel&quot;:&quot;Travel-Overseas&quot;} }">
                                                                            괌/사이판/호주
                                                                        </a>
                                                                    </li>




                                                                    <li>
                                                                        <a href="/np/categories/396571" data-log-props="{ &quot;id&quot;:&quot;category_menu&quot;, &quot;param&quot;:{&quot;categoryLabel&quot;:&quot;Travel-Overseas&quot;} }">
                                                                            유럽/미주/하와이
                                                                        </a>
                                                                    </li>




                                                                    <li>
                                                                        <a href="/np/categories/396569" data-log-props="{ &quot;id&quot;:&quot;category_menu&quot;, &quot;param&quot;:{&quot;categoryLabel&quot;:&quot;Travel-Overseas&quot;} }">
                                                                            대만/홍콩/마카오
                                                                        </a>
                                                                    </li>




                                                                    <li>
                                                                        <a href="/np/categories/396581" data-log-props="{ &quot;id&quot;:&quot;category_menu&quot;, &quot;param&quot;:{&quot;categoryLabel&quot;:&quot;Travel-Overseas&quot;} }">
                                                                            추천 항공권
                                                                        </a>
                                                                    </li>


                                                        </ul>
                                                    </div>
                                                </li>






                                                <li class="travel-second-depth-row">
                                                    <a href="/np/categories/396556" data-log-props="{ &quot;id&quot;:&quot;category_menu&quot;, &quot;param&quot;:{&quot;categoryLabel&quot;:&quot;Travel-Overseas&quot;} }">
                                                        티켓/패스/현지투어
                                                        <i class="depth-select-icon"></i>
                                                    </a>
                                                    <div class="travel-third-depth-list">
                                                        <ul>



                                                                    <li>
                                                                        <a href="/np/categories/396573" data-log-props="{ &quot;id&quot;:&quot;category_menu&quot;, &quot;param&quot;:{&quot;categoryLabel&quot;:&quot;Travel-Overseas&quot;} }">
                                                                            일본
                                                                        </a>
                                                                    </li>




                                                                    <li>
                                                                        <a href="/np/categories/396576" data-log-props="{ &quot;id&quot;:&quot;category_menu&quot;, &quot;param&quot;:{&quot;categoryLabel&quot;:&quot;Travel-Overseas&quot;} }">
                                                                            동남아시아/방콕/싱가포르
                                                                        </a>
                                                                    </li>




                                                                    <li>
                                                                        <a href="/np/categories/396577" data-log-props="{ &quot;id&quot;:&quot;category_menu&quot;, &quot;param&quot;:{&quot;categoryLabel&quot;:&quot;Travel-Overseas&quot;} }">
                                                                            괌/사이판/호주
                                                                        </a>
                                                                    </li>




                                                                    <li>
                                                                        <a href="/np/categories/396579" data-log-props="{ &quot;id&quot;:&quot;category_menu&quot;, &quot;param&quot;:{&quot;categoryLabel&quot;:&quot;Travel-Overseas&quot;} }">
                                                                            유럽
                                                                        </a>
                                                                    </li>




                                                                    <li>
                                                                        <a href="/np/categories/396578" data-log-props="{ &quot;id&quot;:&quot;category_menu&quot;, &quot;param&quot;:{&quot;categoryLabel&quot;:&quot;Travel-Overseas&quot;} }">
                                                                            미주/하와이
                                                                        </a>
                                                                    </li>




                                                                    <li>
                                                                        <a href="/np/categories/396575" data-log-props="{ &quot;id&quot;:&quot;category_menu&quot;, &quot;param&quot;:{&quot;categoryLabel&quot;:&quot;Travel-Overseas&quot;} }">
                                                                            대만
                                                                        </a>
                                                                    </li>




                                                                    <li>
                                                                        <a href="/np/categories/396574" data-log-props="{ &quot;id&quot;:&quot;category_menu&quot;, &quot;param&quot;:{&quot;categoryLabel&quot;:&quot;Travel-Overseas&quot;} }">
                                                                            홍콩/중국/마카오
                                                                        </a>
                                                                    </li>


                                                        </ul>
                                                    </div>
                                                </li>






                                                <li class="travel-second-depth-row">
                                                    <a href="/np/categories/396558" data-log-props="{ &quot;id&quot;:&quot;category_menu&quot;, &quot;param&quot;:{&quot;categoryLabel&quot;:&quot;Travel-Overseas&quot;} }">
                                                        호텔

                                                    </a>
                                                    <div class="travel-third-depth-list">
                                                        <ul>

                                                        </ul>
                                                    </div>
                                                </li>






                                                <li class="travel-second-depth-row">
                                                    <a href="/np/categories/396580" data-log-props="{ &quot;id&quot;:&quot;category_menu&quot;, &quot;param&quot;:{&quot;categoryLabel&quot;:&quot;Travel-Overseas&quot;} }">
                                                        실시간항공권

                                                    </a>
                                                    <div class="travel-third-depth-list">
                                                        <ul>

                                                        </ul>
                                                    </div>
                                                </li>



                                </ul>

                        </div>


<span class="gnb-banner" style="background: #FFF">
<a class="category-banner-button" href="https://trip.coupang.com/tp/products/30000011233086" title="국내여행" data-log-props="{ &quot;id&quot;:&quot;category_menu_banner&quot;, &quot;param&quot;:{&quot;categoryLabel&quot;:&quot;Travel-Domestic&quot;} }">국내여행</a>
		<img alt="국내여행" data-banner-src="//image10.coupangcdn.com/image/displayitem/displayitem_5a551bcf-9e51-41fc-b551-da8de2c1b498.jpg" class="category-banner-image">
</span>



                    </div>
                </div>
            </li>




    </ul>

    <div class="none" style="margin-block: 1em; margin-inline: 0; font-weight: bold; unicode-bidi: isolate">테마관</div>
    <ul class="menu theme-menu-list menu-divider">
        <li class="theme-store">





































            <a href="javascript:;" style="cursor: default;">테마관 <i class="ic-new"></i> <i class="select-icon"></i></a>
            <div class="depth">
                <div class="depth-list banner third">
                    <ul>

                            <li class="second-depth-list">
                                <a href="/np/campaigns/18530" data-log-props="{ &quot;id&quot;:&quot;category_menu&quot;, &quot;param&quot;:{&quot;categoryLabel&quot;:&quot;courante&quot;} }">R.LUX  <i class="ic-new"></i> <i class="depth-select-icon"></i></a>
                                <div class="third-depth-list">
                                    <ul>

                                    </ul>
                                </div>
                            </li>

                            <li class="second-depth-list">
                                <a href="/np/campaigns/3884" data-log-props="{ &quot;id&quot;:&quot;category_menu&quot;, &quot;param&quot;:{&quot;categoryLabel&quot;:&quot;로켓설치&quot;} }">로켓설치  <i class="ic-new"></i> <i class="depth-select-icon"></i></a>
                                <div class="third-depth-list">
                                    <ul>

                                    </ul>
                                </div>
                            </li>

                            <li class="second-depth-list">
                                <a href="/np/campaigns/2318" data-log-props="{ &quot;id&quot;:&quot;category_menu&quot;, &quot;param&quot;:{&quot;categoryLabel&quot;:&quot;courante&quot;} }">공간별 집꾸미기  <i class="depth-select-icon"></i></a>
                                <div class="third-depth-list">
                                    <ul>

                                    </ul>
                                </div>
                            </li>

                            <li class="second-depth-list">
                                <a href="/np/campaigns/13570" data-log-props="{ &quot;id&quot;:&quot;category_menu&quot;, &quot;param&quot;:{&quot;categoryLabel&quot;:&quot;courante&quot;} }">헬스케어 전문관  <i class="ic-new"></i> <i class="depth-select-icon"></i></a>
                                <div class="third-depth-list">
                                    <ul>

                                    </ul>
                                </div>
                            </li>

                            <li class="second-depth-list">
                                <a href="/np/campaigns/1440" data-log-props="{ &quot;id&quot;:&quot;category_menu&quot;, &quot;param&quot;:{&quot;categoryLabel&quot;:&quot;bts20191&quot;} }">쿠팡 Only  <i class="depth-select-icon"></i></a>
                                <div class="third-depth-list">
                                    <ul>

                                    </ul>
                                </div>
                            </li>

                            <li class="second-depth-list">
                                <a href="/np/categories/433784" data-log-props="{ &quot;id&quot;:&quot;category_menu&quot;, &quot;param&quot;:{&quot;categoryLabel&quot;:&quot;finedust&quot;} }">싱글라이프  <i class="depth-select-icon"></i></a>
                                <div class="third-depth-list">
                                    <ul>




                                                    <li><a href="/np/categories/433785" data-log-props="{ &quot;id&quot;:&quot;category_menu&quot;, &quot;param&quot;:{&quot;categoryLabel&quot;:&quot;finedust&quot;} }">청소기/소형가전</a></li>






                                                    <li><a href="/np/categories/433797" data-log-props="{ &quot;id&quot;:&quot;category_menu&quot;, &quot;param&quot;:{&quot;categoryLabel&quot;:&quot;finedust&quot;} }">세제/화장지</a></li>






                                                    <li><a href="/np/categories/433841" data-log-props="{ &quot;id&quot;:&quot;category_menu&quot;, &quot;param&quot;:{&quot;categoryLabel&quot;:&quot;finedust&quot;} }">샤워/세안</a></li>






                                                    <li><a href="/np/categories/433870" data-log-props="{ &quot;id&quot;:&quot;category_menu&quot;, &quot;param&quot;:{&quot;categoryLabel&quot;:&quot;finedust&quot;} }">세탁/청소용품</a></li>






                                                    <li><a href="/np/categories/433889" data-log-props="{ &quot;id&quot;:&quot;category_menu&quot;, &quot;param&quot;:{&quot;categoryLabel&quot;:&quot;finedust&quot;} }">방범/호신용품</a></li>






                                                    <li><a href="/np/categories/433907" data-log-props="{ &quot;id&quot;:&quot;category_menu&quot;, &quot;param&quot;:{&quot;categoryLabel&quot;:&quot;finedust&quot;} }">샐러드/시리얼</a></li>






                                                    <li><a href="/np/categories/433973" data-log-props="{ &quot;id&quot;:&quot;category_menu&quot;, &quot;param&quot;:{&quot;categoryLabel&quot;:&quot;finedust&quot;} }">즉석식품/라면</a></li>






                                                    <li><a href="/np/categories/434014" data-log-props="{ &quot;id&quot;:&quot;category_menu&quot;, &quot;param&quot;:{&quot;categoryLabel&quot;:&quot;finedust&quot;} }">반찬/간편조리식품</a></li>






                                                    <li><a href="/np/categories/434162" data-log-props="{ &quot;id&quot;:&quot;category_menu&quot;, &quot;param&quot;:{&quot;categoryLabel&quot;:&quot;finedust&quot;} }">간식/베이커리</a></li>



                                    </ul>
                                </div>
                            </li>

                            <li class="second-depth-list">
                                <a href="/np/campaigns/11354" data-log-props="{ &quot;id&quot;:&quot;category_menu&quot;, &quot;param&quot;:{&quot;categoryLabel&quot;:&quot;courante&quot;} }">악기전문관  <i class="ic-new"></i> <i class="depth-select-icon"></i></a>
                                <div class="third-depth-list">
                                    <ul>

                                    </ul>
                                </div>
                            </li>

                            <li class="second-depth-list">
                                <a href="/np/categories/416130" data-log-props="{ &quot;id&quot;:&quot;category_menu&quot;, &quot;param&quot;:{&quot;categoryLabel&quot;:&quot;marriage&quot;} }">결혼준비  <i class="depth-select-icon"></i></a>
                                <div class="third-depth-list">
                                    <ul>




                                                    <li><a href="/np/categories/416131" data-log-props="{ &quot;id&quot;:&quot;category_menu&quot;, &quot;param&quot;:{&quot;categoryLabel&quot;:&quot;marriage&quot;} }">가전</a></li>






                                                    <li><a href="/np/categories/416248" data-log-props="{ &quot;id&quot;:&quot;category_menu&quot;, &quot;param&quot;:{&quot;categoryLabel&quot;:&quot;marriage&quot;} }">가구/침구</a></li>






                                                    <li><a href="/np/categories/416452" data-log-props="{ &quot;id&quot;:&quot;category_menu&quot;, &quot;param&quot;:{&quot;categoryLabel&quot;:&quot;marriage&quot;} }">주방용품</a></li>






                                                    <li><a href="/np/categories/416709" data-log-props="{ &quot;id&quot;:&quot;category_menu&quot;, &quot;param&quot;:{&quot;categoryLabel&quot;:&quot;marriage&quot;} }">인테리어/소품</a></li>






                                                    <li><a href="/np/categories/417087" data-log-props="{ &quot;id&quot;:&quot;category_menu&quot;, &quot;param&quot;:{&quot;categoryLabel&quot;:&quot;marriage&quot;} }">웨딩촬영</a></li>






                                                    <li><a href="/np/categories/417095" data-log-props="{ &quot;id&quot;:&quot;category_menu&quot;, &quot;param&quot;:{&quot;categoryLabel&quot;:&quot;marriage&quot;} }">이벤트용품</a></li>






                                                    <li><a href="/np/categories/417142" data-log-props="{ &quot;id&quot;:&quot;category_menu&quot;, &quot;param&quot;:{&quot;categoryLabel&quot;:&quot;marriage&quot;} }">웨딩케어</a></li>



                                    </ul>
                                </div>
                            </li>

                            <li class="second-depth-list">
                                <a href="/np/categories/410273" data-log-props="{ &quot;id&quot;:&quot;category_menu&quot;, &quot;param&quot;:{&quot;categoryLabel&quot;:&quot;아트/공예&quot;} }">아트/공예  <i class="depth-select-icon"></i></a>
                                <div class="third-depth-list">
                                    <ul>




                                                    <li><a href="/np/categories/410274" data-log-props="{ &quot;id&quot;:&quot;category_menu&quot;, &quot;param&quot;:{&quot;categoryLabel&quot;:&quot;아트/공예&quot;} }">미술/화방용품</a></li>






                                                    <li><a href="/np/categories/410506" data-log-props="{ &quot;id&quot;:&quot;category_menu&quot;, &quot;param&quot;:{&quot;categoryLabel&quot;:&quot;아트/공예&quot;} }">DIY소품만들기</a></li>






                                                    <li><a href="/np/categories/410798" data-log-props="{ &quot;id&quot;:&quot;category_menu&quot;, &quot;param&quot;:{&quot;categoryLabel&quot;:&quot;아트/공예&quot;} }">손뜨개/자수</a></li>






                                                    <li><a href="/np/categories/410837" data-log-props="{ &quot;id&quot;:&quot;category_menu&quot;, &quot;param&quot;:{&quot;categoryLabel&quot;:&quot;아트/공예&quot;} }">옷만들기/미싱</a></li>






                                                    <li><a href="/np/categories/410924" data-log-props="{ &quot;id&quot;:&quot;category_menu&quot;, &quot;param&quot;:{&quot;categoryLabel&quot;:&quot;아트/공예&quot;} }">데코/포장용품</a></li>






                                                    <li><a href="/np/categories/410975" data-log-props="{ &quot;id&quot;:&quot;category_menu&quot;, &quot;param&quot;:{&quot;categoryLabel&quot;:&quot;아트/공예&quot;} }">파티/이벤트</a></li>






                                                    <li><a href="/np/categories/411023" data-log-props="{ &quot;id&quot;:&quot;category_menu&quot;, &quot;param&quot;:{&quot;categoryLabel&quot;:&quot;아트/공예&quot;} }">미술/DIY도서</a></li>






                                                    <li><a href="/np/categories/411038" data-log-props="{ &quot;id&quot;:&quot;category_menu&quot;, &quot;param&quot;:{&quot;categoryLabel&quot;:&quot;아트/공예&quot;} }">정리/수납용품</a></li>



                                    </ul>
                                </div>
                            </li>

                            <li class="second-depth-list">
                                <a href="/np/campaigns/17593" data-log-props="{ &quot;id&quot;:&quot;category_menu&quot;, &quot;param&quot;:{&quot;categoryLabel&quot;:&quot;finedust&quot;} }">미세먼지용품  <i class="depth-select-icon"></i></a>
                                <div class="third-depth-list">
                                    <ul>

                                    </ul>
                                </div>
                            </li>

                            <li class="second-depth-list">
                                <a href="/np/categories/316168" data-log-props="{ &quot;id&quot;:&quot;category_menu&quot;, &quot;param&quot;:{&quot;categoryLabel&quot;:&quot;coffee&quot;} }">홈카페  <i class="depth-select-icon"></i></a>
                                <div class="third-depth-list">
                                    <ul>




                                                    <li><a href="/np/categories/316169" data-log-props="{ &quot;id&quot;:&quot;category_menu&quot;, &quot;param&quot;:{&quot;categoryLabel&quot;:&quot;coffee&quot;} }">원두/커피</a></li>






                                                    <li><a href="/np/categories/488176" data-log-props="{ &quot;id&quot;:&quot;category_menu&quot;, &quot;param&quot;:{&quot;categoryLabel&quot;:&quot;coffee&quot;} }">커피믹스</a></li>






                                                    <li><a href="/np/categories/411234" data-log-props="{ &quot;id&quot;:&quot;category_menu&quot;, &quot;param&quot;:{&quot;categoryLabel&quot;:&quot;coffee&quot;} }">차/티백</a></li>






                                                    <li><a href="/np/categories/316179" data-log-props="{ &quot;id&quot;:&quot;category_menu&quot;, &quot;param&quot;:{&quot;categoryLabel&quot;:&quot;coffee&quot;} }">카페시럽</a></li>






                                                    <li><a href="/np/categories/316199" data-log-props="{ &quot;id&quot;:&quot;category_menu&quot;, &quot;param&quot;:{&quot;categoryLabel&quot;:&quot;coffee&quot;} }">커피머신/커피메이커</a></li>






                                                    <li><a href="/np/categories/411299" data-log-props="{ &quot;id&quot;:&quot;category_menu&quot;, &quot;param&quot;:{&quot;categoryLabel&quot;:&quot;coffee&quot;} }">티포트/전기포트</a></li>






                                                    <li><a href="/np/categories/411304" data-log-props="{ &quot;id&quot;:&quot;category_menu&quot;, &quot;param&quot;:{&quot;categoryLabel&quot;:&quot;coffee&quot;} }">제빙기/블렌더</a></li>






                                                    <li><a href="/np/categories/411313" data-log-props="{ &quot;id&quot;:&quot;category_menu&quot;, &quot;param&quot;:{&quot;categoryLabel&quot;:&quot;coffee&quot;} }">로스터/그라인더</a></li>






                                                    <li><a href="/np/categories/411316" data-log-props="{ &quot;id&quot;:&quot;category_menu&quot;, &quot;param&quot;:{&quot;categoryLabel&quot;:&quot;coffee&quot;} }">커피머신 액세서리</a></li>






                                                    <li><a href="/np/categories/411322" data-log-props="{ &quot;id&quot;:&quot;category_menu&quot;, &quot;param&quot;:{&quot;categoryLabel&quot;:&quot;coffee&quot;} }">드립커피용품</a></li>






                                                    <li><a href="/np/categories/411328" data-log-props="{ &quot;id&quot;:&quot;category_menu&quot;, &quot;param&quot;:{&quot;categoryLabel&quot;:&quot;coffee&quot;} }">라떼용품</a></li>






                                                    <li><a href="/np/categories/411332" data-log-props="{ &quot;id&quot;:&quot;category_menu&quot;, &quot;param&quot;:{&quot;categoryLabel&quot;:&quot;coffee&quot;} }">티용품</a></li>






                                                    <li><a href="/np/categories/316206" data-log-props="{ &quot;id&quot;:&quot;category_menu&quot;, &quot;param&quot;:{&quot;categoryLabel&quot;:&quot;coffee&quot;} }">컵/잔/텀블러</a></li>




                                                <li class="more-category">
                                                    <a href="/np/categories/316168">더보기</a>
                                                </li>









                                    </ul>
                                </div>
                            </li>

                            <li class="second-depth-list">
                                <a href="/np/categories/383370" data-log-props="{ &quot;id&quot;:&quot;category_menu&quot;, &quot;param&quot;:{&quot;categoryLabel&quot;:&quot;silverstore&quot;} }">실버스토어  <i class="depth-select-icon"></i></a>
                                <div class="third-depth-list">
                                    <ul>




                                                    <li><a href="/np/categories/383371" data-log-props="{ &quot;id&quot;:&quot;category_menu&quot;, &quot;param&quot;:{&quot;categoryLabel&quot;:&quot;silverstore&quot;} }">활동보조</a></li>






                                                    <li><a href="/np/categories/383377" data-log-props="{ &quot;id&quot;:&quot;category_menu&quot;, &quot;param&quot;:{&quot;categoryLabel&quot;:&quot;silverstore&quot;} }">위생/변기용품</a></li>






                                                    <li><a href="/np/categories/383391" data-log-props="{ &quot;id&quot;:&quot;category_menu&quot;, &quot;param&quot;:{&quot;categoryLabel&quot;:&quot;silverstore&quot;} }">목욕보조</a></li>






                                                    <li><a href="/np/categories/383404" data-log-props="{ &quot;id&quot;:&quot;category_menu&quot;, &quot;param&quot;:{&quot;categoryLabel&quot;:&quot;silverstore&quot;} }">건강관리</a></li>






                                                    <li><a href="/np/categories/383454" data-log-props="{ &quot;id&quot;:&quot;category_menu&quot;, &quot;param&quot;:{&quot;categoryLabel&quot;:&quot;silverstore&quot;} }">재활/운동기구</a></li>






                                                    <li><a href="/np/categories/383472" data-log-props="{ &quot;id&quot;:&quot;category_menu&quot;, &quot;param&quot;:{&quot;categoryLabel&quot;:&quot;silverstore&quot;} }">간병/보조용품</a></li>






                                                    <li><a href="/np/categories/383482" data-log-props="{ &quot;id&quot;:&quot;category_menu&quot;, &quot;param&quot;:{&quot;categoryLabel&quot;:&quot;silverstore&quot;} }">병원/의료용품</a></li>






                                                    <li><a href="/np/categories/383492" data-log-props="{ &quot;id&quot;:&quot;category_menu&quot;, &quot;param&quot;:{&quot;categoryLabel&quot;:&quot;silverstore&quot;} }">생활편의</a></li>






                                                    <li><a href="/np/categories/383497" data-log-props="{ &quot;id&quot;:&quot;category_menu&quot;, &quot;param&quot;:{&quot;categoryLabel&quot;:&quot;silverstore&quot;} }">의류/신발</a></li>






                                                    <li><a href="/np/categories/383506" data-log-props="{ &quot;id&quot;:&quot;category_menu&quot;, &quot;param&quot;:{&quot;categoryLabel&quot;:&quot;silverstore&quot;} }">온수/전기매트</a></li>






                                                    <li><a href="/np/categories/383573" data-log-props="{ &quot;id&quot;:&quot;category_menu&quot;, &quot;param&quot;:{&quot;categoryLabel&quot;:&quot;silverstore&quot;} }">환자식/건강식품</a></li>






                                                    <li><a href="/np/categories/383615" data-log-props="{ &quot;id&quot;:&quot;category_menu&quot;, &quot;param&quot;:{&quot;categoryLabel&quot;:&quot;silverstore&quot;} }">안전용품</a></li>






                                                    <li><a href="/np/categories/383619" data-log-props="{ &quot;id&quot;:&quot;category_menu&quot;, &quot;param&quot;:{&quot;categoryLabel&quot;:&quot;silverstore&quot;} }">식사관련용품</a></li>



                                    </ul>
                                </div>
                            </li>

                            <li class="second-depth-list">
                                <a href="/np/campaigns/17993" data-log-props="{ &quot;id&quot;:&quot;category_menu&quot;, &quot;param&quot;:{&quot;categoryLabel&quot;:&quot;로켓펫닥터&quot;} }">로켓펫닥터  <i class="ic-new"></i> <i class="depth-select-icon"></i></a>
                                <div class="third-depth-list">
                                    <ul>

                                    </ul>
                                </div>
                            </li>

                </ul>



<span class="gnb-banner" style="background: #FFF">
<a class="category-banner-button" href="https://pages.coupang.com/p/54479" title="R.LUX" data-log-props="{ &quot;id&quot;:&quot;category_menu_banner&quot;, &quot;param&quot;:{&quot;categoryLabel&quot;:&quot;courante&quot;} }">R.LUX</a>
		<img alt="R.LUX" data-banner-src="//image10.coupangcdn.com/image/displayitem/displayitem_8ba1518d-b473-44c4-a5f5-240091222f3c.png" class="category-banner-image">
</span>




























                </div>
            </div>
        </li>
    </ul>


        <div class="none" style="margin-block: 1em; margin-inline: 0; font-weight: bold; unicode-bidi: isolate">입점/판매 신청</div>
        <ul class="menu ingress-menu-list">
            <li class="ingress-point">
                <a href="javascript:;">입점/판매 신청</a>
            </li>
        </ul>

</div>
</div></header><article class="top-bar"><section class="clearFix"><menu id="headerMenu">

    <li id="login" class="log"><a href="https://login.coupang.com/login/login.pang?rtnUrl=https%3A%2F%2Fwww.coupang.com%2Fnp%2Fpost%2Flogin%3Fr%3Dhttps%253A%252F%252Fwww.coupang.com%252Fvp%252Fproducts%252F8415084911%253FitemId%253D23666716119%2526vendorItemId%253D77367783821%2526sourceType%253Dcmgoms%2526omsPageId%253D146099%2526omsPageUrl%253D146099%2526isAddedCart%253D" data-replaced="true" class="login" data-log-props="{ &quot;id&quot;:&quot;login_GNB_V2&quot;}" data-coulog="{&quot;grp&quot;:&quot;GNB&quot;,&quot;logType&quot;:&quot;click&quot;,&quot;logCategory&quot;:&quot;event&quot;,&quot;logLabel&quot;:&quot;login_GNB_V2&quot;}">로그인</a></li>
	<li id="join" class="join"><a href="https://login.coupang.com/login/memberJoinFrm.pang" data-log-props="{ &quot;id&quot;:&quot;member_register_GNB_V2&quot;}" data-coulog="{&quot;grp&quot;:&quot;GNB&quot;,&quot;logType&quot;:&quot;click&quot;,&quot;logCategory&quot;:&quot;event&quot;,&quot;logLabel&quot;:&quot;member_register_GNB_V2&quot;}">회원가입</a></li>



<li class="cs-center more"><a href="https://mc.coupang.com/ssr/desktop/contact/faq" data-log-props="{ &quot;id&quot;:&quot;customer_center&quot; }" data-coulog="{&quot;grp&quot;:&quot;GNB&quot;,&quot;logType&quot;:&quot;click&quot;,&quot;logCategory&quot;:&quot;event&quot;,&quot;logLabel&quot;:&quot;customer_center&quot;}">고객센터</a><p><a href="https://mc.coupang.com/ssr/desktop/contact/faq" data-log-props="{ &quot;id&quot;:&quot;customer_center_1&quot; }" data-coulog="{&quot;grp&quot;:&quot;GNB&quot;,&quot;logType&quot;:&quot;click&quot;,&quot;logCategory&quot;:&quot;event&quot;,&quot;logLabel&quot;:&quot;customer_center_1&quot;}">자주묻는 질문</a> <a href="https://mc.coupang.com/ssr/desktop/contact/inquiry" data-log-props="{ &quot;id&quot;:&quot;customer_center_3&quot; }" data-coulog="{&quot;grp&quot;:&quot;GNB&quot;,&quot;logType&quot;:&quot;click&quot;,&quot;logCategory&quot;:&quot;event&quot;,&quot;logLabel&quot;:&quot;customer_center_3&quot;}">1:1 채팅문의</a> <a href="https://mc.coupang.com/ssr/desktop/contact/voc" data-log-props="{ &quot;id&quot;:&quot;customer_center_2&quot; }" data-coulog="{&quot;grp&quot;:&quot;GNB&quot;,&quot;logType&quot;:&quot;click&quot;,&quot;logCategory&quot;:&quot;event&quot;,&quot;logLabel&quot;:&quot;customer_center_2&quot;}">고객의 소리</a> <a href="https://www.coupang.com/returnPolicy.pang" data-log-props="{ &quot;id&quot;:&quot;customer_center_4&quot; }" data-coulog="{&quot;grp&quot;:&quot;GNB&quot;,&quot;logType&quot;:&quot;click&quot;,&quot;logCategory&quot;:&quot;event&quot;,&quot;logLabel&quot;:&quot;customer_center_4&quot;}">취소 / 반품 안내</a></p></li><li id="vendor-login-improveC" class="seller-link"><a href="https://wing.coupang.com/tenants/vendor-signup/signup?utm_source=button_pc_coupang_topbutton_improve_2C&amp;utm_medium=non_paid&amp;utm_id=onsite_ca&amp;utm_content=202411" data-log-props="{ &quot;id&quot;:&quot;seller_page_C&quot; }" data-coulog="{&quot;grp&quot;:&quot;GNB&quot;,&quot;logType&quot;:&quot;click&quot;,&quot;logCategory&quot;:&quot;event&quot;,&quot;logLabel&quot;:&quot;seller_page_C&quot;}">판매자 가입</a></li></menu><menu id="subscribeHeader"><li class=""><a class="bookmark" data-log-props="{ &quot;id&quot;: &quot;add_to_favorites&quot; }" data-coulog="{&quot;grp&quot;:&quot;GNB&quot;,&quot;logType&quot;:&quot;click&quot;,&quot;logCategory&quot;:&quot;event&quot;,&quot;logLabel&quot;:&quot;add_to_favorites&quot;}">즐겨찾기</a></li><li class="vendor-join more"><a class="dropdown_menu_flag">입점신청<i class="ic"></i></a><p><a href="https://marketplace.coupangcorp.com/s/?utm_source=button_pc&amp;utm_medium=non_paid&amp;utm_campaign=onsite_ca&amp;utm_id=coupang_app?inflow=WEB_HEADER_B" data-log-props="{ &quot;id&quot;:&quot;seller_page&quot; }" target="_blank" data-coulog="{&quot;grp&quot;:&quot;GNB&quot;,&quot;logType&quot;:&quot;click&quot;,&quot;logCategory&quot;:&quot;event&quot;,&quot;logLabel&quot;:&quot;seller_page&quot;}">오픈마켓</a> <a href="https://with.coupang.com/contract/initialize?inflow=WEB_HEADER_B" data-log-props="{ &quot;id&quot;:&quot;travel_seller_page&quot; }" target="_blank" data-coulog="{&quot;grp&quot;:&quot;GNB&quot;,&quot;logType&quot;:&quot;click&quot;,&quot;logCategory&quot;:&quot;event&quot;,&quot;logLabel&quot;:&quot;travel_seller_page&quot;}">여행·티켓</a> <a href="https://supplier.coupang.com/welcome/join" data-log-props="{ &quot;id&quot;:&quot;rocket_seller_page&quot; }" target="_blank" data-coulog="{&quot;grp&quot;:&quot;GNB&quot;,&quot;logType&quot;:&quot;click&quot;,&quot;logCategory&quot;:&quot;event&quot;,&quot;logLabel&quot;:&quot;rocket_seller_page&quot;}">로켓배송</a> <a href="https://partners.coupang.com" data-log-props=" { &quot;id&quot;:&quot;affiliate_marketing_page&quot; } " target="_blank" data-coulog="{&quot;grp&quot;:&quot;GNB&quot;,&quot;logType&quot;:&quot;click&quot;,&quot;logCategory&quot;:&quot;event&quot;,&quot;logLabel&quot;:&quot;affiliate_marketing_page&quot;}">제휴마케팅</a>  <a href="https://sell.coupang.com?utm_source=web_button_pc_rg&amp;utm_medium=referral&amp;utm_campaign=onsite_lead&amp;utm_id=coupang_web?inflow=WEB_HEADER_B" data-log-props="{ &quot;id&quot;:&quot;rocketGrowth&quot; }" target="_blank" data-coulog="{&quot;grp&quot;:&quot;GNB&quot;,&quot;logType&quot;:&quot;click&quot;,&quot;logCategory&quot;:&quot;event&quot;,&quot;logLabel&quot;:&quot;rocketGrowth&quot;}">로켓그로스</a> </p></li></menu></section></article></div><hr>

            <div class="sdp-header-divider"></div>





        <section id="contents" class="contents product  contents-responsive" data-reference="{&quot;productId&quot;:&quot;8415084911&quot;,&quot;cartApiUrl&quot;:&quot;//cart.coupang.com&quot;}" data-product-id="8415084911" data-vendor-item-id="" data-item-id="" data-category-id="" data-is-subscribable="" data-vendor-item-package-id="" data-make-sdp-responsive="B" data-overseas-item-type="">








        <div class="responsive-sdp-right-margin">
            <div id="sdp-mid-banner-btf" style="" class="position-right-top-side"><a class="sdp-mid-banner sdp-mid-banner-191126 banner-link" href="/vp/products/8607344269?itemId=24962115408&amp;vendorItemId=91967830378&amp;sourceType=SDP_MID_BANNER&amp;clickEventId=3e129c90-3ac9-11f0-add2-b6ef7c467470"><div class="banner-header"><h4 class="banner-title"><strong>추천</strong><br>이런건 어때요?</h4></div><div class="banner-contents"><div class="product-item"><div class="item-discount-rate"><em>42%</em></div><div class="item-thumbnail"><img src="http://thumbnail9.coupangcdn.com/thumbnails/remote/292x292ex/image/vendor_inventory/5a71/128b62ab2f0043ca6af087f49394e58234789f4a4035ac8dfb7b2e97221d.jpg" alt="셀게이트 올리브 올라이브 아침엔 유기농 엑스트라버진 올리브오일 100% 스페인, 90개, 10g"></div><div class="item-title" title="셀게이트 올리브 올라이브 아침엔 유기농 엑스트라버진 올리브오일 100% 스페인, 90개, 10g"><span>셀게이트 올리브 올라이브 아침엔 유기농 엑스트라버진 올리브오일 100% 스페인, 90개, 10g</span></div> <div class="item-review-rating"><span class="rating-stars"><em style="width: 90.0%"></em></span></div><div class="item-review-count"><span class="rating-count">177</span></div></div></div><div class="info-marker"><span>광고</span></div><div class="item-link-button"><button type="button" class="button"><span class="button-text">더 알아보기</span> <span class="button-icon"></span></button></div></a></div>
            <div id="sdp-persistent-cart" style="display: none;"></div>
        </div>






        <div class="prod-atf">

<ul id="breadcrumb" class="
		new-breadcrumbs-style
	">
    <li><a href="https://www.coupang.com/" class="breadcrumb-link">쿠팡 홈</a> <svg class="breadcrumb-arrow-icon" width="12" height="13" viewBox="0 0 12 13" fill="none" xmlns="http://www.w3.org/2000/svg">
            <path d="M3.8859 2.15732C4.0606 1.9717 4.34367 1.94925 4.54434 2.09575L4.59268 2.1359L8.84268 6.1359C9.03746 6.31922 9.05137 6.61975 8.88442 6.81982L8.84268 6.8641L4.59268 10.8641C4.3916 11.0534 4.07516 11.0438 3.8859 10.8427C3.7112 10.6571 3.70593 10.3732 3.86432 10.1817L3.90732 10.1359L7.77 6.50001L3.90732 2.8641C3.7217 2.6894 3.69925 2.40634 3.84575 2.20566L3.8859 2.15732Z" fill="#AAB5C0"></path>
        </svg></li>

        <li>
            <a href="https://www.coupang.com/np/categories/194276" class="breadcrumb-link" title="식품" data-gaclick="{&quot;hitType&quot;:&quot;event&quot;, &quot;eventCategory&quot;:&quot;breadcrumb&quot;, &quot;eventAction&quot;:&quot;click&quot;, &quot;eventLabel&quot;:&quot;&quot;, &quot;eventValue&quot;:0}">
                식품
            </a>
            <svg class="breadcrumb-arrow-icon" width="12" height="13" viewBox="0 0 12 13" fill="none" xmlns="http://www.w3.org/2000/svg">
            <path d="M3.8859 2.15732C4.0606 1.9717 4.34367 1.94925 4.54434 2.09575L4.59268 2.1359L8.84268 6.1359C9.03746 6.31922 9.05137 6.61975 8.88442 6.81982L8.84268 6.8641L4.59268 10.8641C4.3916 11.0534 4.07516 11.0438 3.8859 10.8427C3.7112 10.6571 3.70593 10.3732 3.86432 10.1817L3.90732 10.1359L7.77 6.50001L3.90732 2.8641C3.7217 2.6894 3.69925 2.40634 3.84575 2.20566L3.8859 2.15732Z" fill="#AAB5C0"></path>
        </svg>
        </li>

        <li>
            <a href="https://www.coupang.com/np/categories/492629" class="breadcrumb-link" title="사과식초/땅콩버터 외" data-gaclick="{&quot;hitType&quot;:&quot;event&quot;, &quot;eventCategory&quot;:&quot;breadcrumb&quot;, &quot;eventAction&quot;:&quot;click&quot;, &quot;eventLabel&quot;:&quot;&quot;, &quot;eventValue&quot;:0}">
                사과식초/땅콩버터 외
            </a>
            <svg class="breadcrumb-arrow-icon" width="12" height="13" viewBox="0 0 12 13" fill="none" xmlns="http://www.w3.org/2000/svg">
            <path d="M3.8859 2.15732C4.0606 1.9717 4.34367 1.94925 4.54434 2.09575L4.59268 2.1359L8.84268 6.1359C9.03746 6.31922 9.05137 6.61975 8.88442 6.81982L8.84268 6.8641L4.59268 10.8641C4.3916 11.0534 4.07516 11.0438 3.8859 10.8427C3.7112 10.6571 3.70593 10.3732 3.86432 10.1817L3.90732 10.1359L7.77 6.50001L3.90732 2.8641C3.7217 2.6894 3.69925 2.40634 3.84575 2.20566L3.8859 2.15732Z" fill="#AAB5C0"></path>
        </svg>
        </li>

        <li>
            <a href="https://www.coupang.com/np/categories/492991?eventCategory=breadcrumb&amp;eventLabel=" class="breadcrumb-link" title="조미료/오일/소스" data-gaclick="{&quot;hitType&quot;:&quot;event&quot;, &quot;eventCategory&quot;:&quot;breadcrumb&quot;, &quot;eventAction&quot;:&quot;click&quot;, &quot;eventLabel&quot;:&quot;&quot;, &quot;eventValue&quot;:0}">
                조미료/오일/소스
            </a>
            <svg class="breadcrumb-arrow-icon" width="12" height="13" viewBox="0 0 12 13" fill="none" xmlns="http://www.w3.org/2000/svg">
            <path d="M3.8859 2.15732C4.0606 1.9717 4.34367 1.94925 4.54434 2.09575L4.59268 2.1359L8.84268 6.1359C9.03746 6.31922 9.05137 6.61975 8.88442 6.81982L8.84268 6.8641L4.59268 10.8641C4.3916 11.0534 4.07516 11.0438 3.8859 10.8427C3.7112 10.6571 3.70593 10.3732 3.86432 10.1817L3.90732 10.1359L7.77 6.50001L3.90732 2.8641C3.7217 2.6894 3.69925 2.40634 3.84575 2.20566L3.8859 2.15732Z" fill="#AAB5C0"></path>
        </svg>
        </li>

        <li>
            <a href="https://www.coupang.com/np/categories/493015" class="breadcrumb-link" title="올리브유/오일/버터" data-gaclick="{&quot;hitType&quot;:&quot;event&quot;, &quot;eventCategory&quot;:&quot;breadcrumb&quot;, &quot;eventAction&quot;:&quot;click&quot;, &quot;eventLabel&quot;:&quot;&quot;, &quot;eventValue&quot;:0}">
                올리브유/오일/버터
            </a>
            <svg class="breadcrumb-arrow-icon" width="12" height="13" viewBox="0 0 12 13" fill="none" xmlns="http://www.w3.org/2000/svg">
            <path d="M3.8859 2.15732C4.0606 1.9717 4.34367 1.94925 4.54434 2.09575L4.59268 2.1359L8.84268 6.1359C9.03746 6.31922 9.05137 6.61975 8.88442 6.81982L8.84268 6.8641L4.59268 10.8641C4.3916 11.0534 4.07516 11.0438 3.8859 10.8427C3.7112 10.6571 3.70593 10.3732 3.86432 10.1817L3.90732 10.1359L7.77 6.50001L3.90732 2.8641C3.7217 2.6894 3.69925 2.40634 3.84575 2.20566L3.8859 2.15732Z" fill="#AAB5C0"></path>
        </svg>
        </li>

        <li>
            <a href="https://www.coupang.com/np/categories/493016" class="breadcrumb-link" title="엑스트라버진 올리브유" data-gaclick="{&quot;hitType&quot;:&quot;event&quot;, &quot;eventCategory&quot;:&quot;breadcrumb&quot;, &quot;eventAction&quot;:&quot;click&quot;, &quot;eventLabel&quot;:&quot;&quot;, &quot;eventValue&quot;:0}">
                엑스트라버진 올리브유
            </a>

        </li>


		<div class="flex-placeholder"></div>

</ul>

            <div class="prod-atf-main">
                <script>
    function _logTTI(img){
        if(window.logTime) {
            logTime(img);
            window.logImageLoadTime && logImageLoadTime(img);
            // avoid invoke twice
            _logTTI = function () {
            };
        }
    }
</script>







<div class="prod-image  " data-global-banner-fold="">
    <div id="repImageContainer" class="prod-image-container" data-global-banner-fold="" data-sdp-atf-image-video-impression="B">
        <div class="prod-image__items">


                    <div class="prod-image__item prod-image__item--active">
                    <img src="https://thumbnail7.coupangcdn.com/thumbnails/remote/48x48ex/image/1025_amir_coupang_oct_80k/8c87/d2dd23de56886f4e3425f71c4030b2b78cf5d16bd712b08a5d040fe72de2.jpg" onerror="this.src='//t1a.coupangcdn.com/thumbnails/remote/490x490/image/coupang/common/no_img_1000_1000.png';" alt="thumb image" data-src="//thumbnail7.coupangcdn.com/thumbnails/remote/48x48ex/image/1025_amir_coupang_oct_80k/8c87/d2dd23de56886f4e3425f71c4030b2b78cf5d16bd712b08a5d040fe72de2.jpg">
                        <i class="prod-image__item__border"></i>
                    </div>



                    <div class="prod-image__item">
                    <img src="//thumbnail9.coupangcdn.com/thumbnails/remote/48x48ex/image/retail/images/1337031312749978-21fddead-c2ca-4878-8d37-09b9f0e3f263.jpg" onerror="this.src='//t1a.coupangcdn.com/thumbnails/remote/490x490/image/coupang/common/no_img_1000_1000.png';" alt="thumb image" data-src="//thumbnail9.coupangcdn.com/thumbnails/remote/48x48ex/image/retail/images/1337031312749978-21fddead-c2ca-4878-8d37-09b9f0e3f263.jpg" class="lazy-load-img">
                        <i class="prod-image__item__border"></i>
                    </div>



                    <div class="prod-image__item">
                    <img src="//thumbnail10.coupangcdn.com/thumbnails/remote/48x48ex/image/retail/images/381325244443134-56c76568-d6c2-49ce-ac7f-e9a40bb51b2e.JPG" onerror="this.src='//t1a.coupangcdn.com/thumbnails/remote/490x490/image/coupang/common/no_img_1000_1000.png';" alt="thumb image" data-src="//thumbnail10.coupangcdn.com/thumbnails/remote/48x48ex/image/retail/images/381325244443134-56c76568-d6c2-49ce-ac7f-e9a40bb51b2e.JPG" class="lazy-load-img">
                        <i class="prod-image__item__border"></i>
                    </div>



                    <div class="prod-image__item">
                    <img src="//thumbnail8.coupangcdn.com/thumbnails/remote/48x48ex/image/retail/images/1659359303563411-e4ad3a89-8853-4b0f-8087-a862a329ddbe.jpg" onerror="this.src='//t1a.coupangcdn.com/thumbnails/remote/490x490/image/coupang/common/no_img_1000_1000.png';" alt="thumb image" data-src="//thumbnail8.coupangcdn.com/thumbnails/remote/48x48ex/image/retail/images/1659359303563411-e4ad3a89-8853-4b0f-8087-a862a329ddbe.jpg" class="lazy-load-img">
                        <i class="prod-image__item__border"></i>
                    </div>



                    <div class="prod-image__item">
                    <img src="//thumbnail9.coupangcdn.com/thumbnails/remote/48x48ex/image/retail/images/1337031311003901-08eccbc3-212f-4514-8668-361703d87997.jpg" onerror="this.src='//t1a.coupangcdn.com/thumbnails/remote/490x490/image/coupang/common/no_img_1000_1000.png';" alt="thumb image" data-src="//thumbnail9.coupangcdn.com/thumbnails/remote/48x48ex/image/retail/images/1337031311003901-08eccbc3-212f-4514-8668-361703d87997.jpg" class="lazy-load-img">
                        <i class="prod-image__item__border"></i>
                    </div>


        </div>
        <img class="prod-image__detail" src="//thumbnail7.coupangcdn.com/thumbnails/remote/492x492ex/image/1025_amir_coupang_oct_80k/8c87/d2dd23de56886f4e3425f71c4030b2b78cf5d16bd712b08a5d040fe72de2.jpg" onload="_logTTI(this)" data-tti="true" data-preload-img-src="//thumbnail7.coupangcdn.com/thumbnails/remote/492x492ex/image/1025_amir_coupang_oct_80k/8c87/d2dd23de56886f4e3425f71c4030b2b78cf5d16bd712b08a5d040fe72de2.jpg" onerror="this.src='//t1a.coupangcdn.com/thumbnails/remote/490x490/image/coupang/common/no_img_1000_1000.png';" alt="detail image" data-load-time="503.69999998807907" data-load-time-start="443.19999998807907" data-load-time-end="446.5" data-zoom-image-url="//image7.coupangcdn.com/image/1025_amir_coupang_oct_80k/8c87/d2dd23de56886f4e3425f71c4030b2b78cf5d16bd712b08a5d040fe72de2.jpg">

        <div id="freebieImage" style="display: none;"></div>
        <div id="freebieBanner" style="display: none;"></div>
    <div class="zoomContainer" uuid="52387492-c8c9-43a4-96cf-da3ab0b4118b" style="position:absolute;left:106px;top:191px;height:388px;width:388px;z-index:6"><div class="zoomLens" style="background-position: 0px 0px; float: right; overflow: hidden; z-index: 999; opacity: 0.7; zoom: 1; width: 83.42px; height: 83.42px; background-color: white; cursor: inherit; border: 1px solid rgb(187, 187, 187); background-repeat: no-repeat; position: absolute; left: 303px; top: 40px; display: none;">&nbsp;</div><div class="zoomWindowContainer" style="width: 430px;"><div style="overflow: hidden; background-position: -1570px -207.68px; text-align: center; background-color: rgb(255, 255, 255); width: 430px; height: 430px; float: left; background-size: 2000px 2000px; z-index: 100; border: 0px solid rgb(136, 136, 136); background-repeat: no-repeat; position: absolute; background-image: url(&quot;//image7.coupangcdn.com/image/1025_amir_coupang_oct_80k/8c87/d2dd23de56886f4e3425f71c4030b2b78cf5d16bd712b08a5d040fe72de2.jpg&quot;); top: 0px; left: 388px; display: none;" class="zoomWindow">&nbsp;</div></div></div></div>

    <div id="prodStickyBanner" class="product-sticky-banner-clickable prod-sticky-banner" style="display: none;"></div>
</div>


<div class="subscribe-banner">
</div>


<div class="prod-buy            new-oos-style  not-loyalty-member  eligible-address       without-subscribe-buy-type     DISPLAY_0                 fix-verdor-section-display                    prod-buy-alias     update-price-section-style-with-rds" data-fresh-eligible="false" data-display-rocket-luxury-delayed-pdd="false" data-wow-benefit-sameday-delivery="" data-is-rocket-plus-2-description-change-target="true" data-delayed-pdd-design-change="false" data-delivery-fee-toggle-status="false" data-sdp-wish-new-tip="true" data-fix-vendor-section-display="true" data-change-quantity-picker-interaction="false" data-move-atc-and-buy-now-ctas-atf="false" data-fix-exposing-trial-ux-to-withdraw-flag="" data-tc-fix-option-table-delivery-fee="true" data-iphone-pre-order="false" data-use-simple-btf="false" data-fix-coupay-money-disclaimer="true" data-remove-wow-free-trial="true" data-floating-atc-dp-cta="false" data-floating-atc-dp-cta-option="A" data-floating-atc-dp-cta-key="79280">
    <div class="prod-buy-blocker">
        <div class="prod-buy-blocker__bg"></div>
        <div class="prod-buy-blocker__spinner"></div>
    </div>
    <div class="prod-title-badges">







    <span class="prod-pre-order-badge" style="display: none">
        <span class="prod-pre-order-badge-text"></span>
	</span>






</div>

<a href="https://shop.coupang.com/vid/brand-plus/A00064378/v1url/https%3A%2F%2Fwww.coupang.com%2Fnp%2Fproducts%2Fbrand-shop%3FbrandName%3D%EC%98%AC%EB%A6%AC%ED%83%80%EB%A6%AC%EC%95%84?source=brandstore_sdp_atf_topbadge&amp;pid=8415084911&amp;viid=77367783821&amp;platform=p" class="prod-brand-name brandshop-link " data-brand-name="올리타리아" data-shop-plus-link="https://shop.coupang.com/vid/brand-plus/A00064378/v1url/https%3A%2F%2Fwww.coupang.com%2Fnp%2Fproducts%2Fbrand-shop%3FbrandName%3D%EC%98%AC%EB%A6%AC%ED%83%80%EB%A6%AC%EC%95%84?source=brandstore_sdp_atf_topbadge&amp;pid=8415084911&amp;viid=77367783821&amp;platform=p" data-coulog="{&quot;logCategory&quot;:&quot;event&quot;, &quot;logType&quot;:&quot;click&quot;, &quot;logLabel&quot;:&quot;brandName&quot;, &quot;customURL&quot;:&quot;/click_sdp_brand_name&quot;, &quot;extraParam&quot;:&quot;page=SDP&amp;type=brandSDP&amp;contents=brandName&amp;productId=8415084911&amp;vendorItemId=77367783821&quot;}">


        올리타리아

</a>







<div class="prod-buy-header">



    <h1 class="prod-buy-header__title">올리타리아 엑스트라 버진 올리브오일, 250ml, 1개</h1>


        <div class="prod-buy-header__origin_country prod-buy-header__origin_country_margin">원산지: 상품 상세설명 참조</div>


    <div class="prod-buy-header__info top-review-attributes">

        <span class="prod-buy-header__productreview" data-virolecode="3" id="prod-buy-header__productreview" style="display:block;">
            <a href="#sdpReview" class="moveAnchor" id="prod-review-nav-link">

                <span class="rating-star-container " style="float:left;">
                    <span class="rating-star-num" style="width: 100.0%;"></span>
                </span>
                <span class="count">90,741개 상품평</span>
            </a>
        </span>
    </div>




          <div class="prod-favorite " style="">
              <button class="prod-favorite-btn "></button>
          </div>



    <div class="prod-share " style="">
        <button class="prod-share-btn"></button>
        <div class="prod-share-layer" data-use-new-share-link="" style="display: none;">
    <ul>
        <li class="prod-share__item"><span class="prod-share__twitter" data-title="올리타리아 엑스트라 버진 올리브오일, 250ml, 1개">twitter 공유하기</span></li>
        <li class="prod-share__item"><span class="prod-share__mail" data-layer="#productPopMail" data-title="올리타리아 엑스트라 버진 올리브오일, 250ml, 1개">mail 보내기</span></li>
        <li class="prod-share__item"><iframe class="prod-share__facebook" src="" scrolling="no" frameborder="0" style="border:none; overflow:hidden; height:21px;" allowtransparency="true"></iframe></li>
    </ul>
    <a class="prod-share-close" href="javascript:void(0)">X</a>
</div>

    </div>

</div>



    <div class="prod-author" style="display: none;">

</div>


    <div class="prod-price-container">
    <span class="fashion-unavailable-msg">품절</span>
    <div class="prod-price">


<div class="prod-price-onetime">





                <div class="prod-origin-price ">

                        <span class="discount-rate">25%</span>

                    <span class="origin-price">

                            15,900원

                    </span>

                        <div class="origin-price-info-icon"></div>

                </div>









































































    <div class="prod-coupon-price price-align


                major-price-coupon


        ">

            <span class="total-price">



                        <strong>11,900원</strong>


            </span>




                        <span class="unit-price font-medium">(100ml당 4,760원)</span>






            <div class="price-badge-list price-badge-margin">
<table class="badge-table">

	<tbody><tr class="BADGE_DISPLAY_0">
        <td class="td-delivery-badge">

                <img src="https://image10.coupangcdn.com/image/badges/rocket/rocket_logo.png" class="delivery-badge-img ">

        </td>




		<td class="td-icon">





                <!-- ROCKET_MERCHANT can be both rocketWow or normal rocket, so, judge it first -->






		</td>

	</tr>

	<tr class="BADGE_DISPLAY_1">
        <td class="td-delivery-badge">

                <img src="https://image10.coupangcdn.com/image/mobile_app/v3/brandsdp/loyalty/pc/rocketwowBi16@2x.png" class="delivery-badge-img ">

        </td>




		<td class="td-icon">





                <!-- ROCKET_MERCHANT can be both rocketWow or normal rocket, so, judge it first -->






		</td>

	</tr>

</tbody></table>
</div>


<div class="prod-pre-order-msg" style="display: none">
    <span class="prod-pre-order-msg-info">사전예약 상품</span>
    <div class="question-mark-rocket-plus"></div>
    <div class="question-mark-pre-order-popup" style="display: none;">
            <span class="question-mark-pre-order-popup__info">
                사전예약 상품은 예약 구매 후 도착<br>
                예정일에 수령하는 상품입니다.
            </span>
        <span class="question-mark-pre-order-popup-close-btn"></span>
    </div>
</div>



    </div>





























































































            <div class="prod-cash-promotion-container">

            </div>




                <div class="prod-benefit-badge-wrap">
                    <div class="prod-ccid-badge-container">


                    </div>

                </div>


        <div class="prod-targeted-promotion-banner-container">




        </div>













</div>




    </div>









            <button class="prod-coupon-download-btn" style="display: none;">쿠폰받기</button>

        <div class="prod-coupon-download-layer" style="display: none;"></div>


    <div class="subscribe-learnmore-container"></div>
</div>




    <div class="prod-limit-notice-container">

</div>



















































































    <div class="option-table-v2">

        <div id="toggle-header">














    <div class="toggle-header">
        <div class="toggle-header__title">더 많은 옵션 보기</div>

    </div>














        </div>
        <div id="tab-selector">    <div class="tab-selector-container">
            <div class="tab-selector tab-selector--TAB" data-attribute-id="7823">
                <div class="tab-selector__tab-header">
                    <span class="tab-selector__header-title">개당 용량 × 수량:  </span>
                    <span class="tab-selector__header-value">250ml × 1개</span>
                </div>
                            <div class="tab-selector__tabbar">
                                <div class="tab-selector__tabbar-btn tab-selector__tabbar-btn-left"></div>
                                <div class="tab-selector__tab-list tab-selector__tab-list--fixed" style="opacity: 1;">
                                        <div class="tab-selector__tab tab-selector__tab--selected" data-id="NzgyM3wyNTBtbA">
                                            <div class="tab-selector__tab-title">250ml</div>
                                        </div>
                                        <div class="tab-selector__tab" data-id="NzgyM3w1MDBtbA">
                                            <div class="tab-selector__tab-title">500ml</div>
                                        </div>
                                        <div class="tab-selector__tab" data-id="NzgyM3wxTA">
                                            <div class="tab-selector__tab-title">1L</div>
                                        </div>
                                </div>
                                <div class="tab-selector__tabbar-btn tab-selector__tabbar-btn-right"></div>
                            </div>
            </div>
    </div>
</div>
        <div id="option-table-list-view">















    <div class="option-table-list">
        <div class="option-table-list__options option-table-list__options--SHORT_ATTR">

                <div class="option-table-list__option
                        option-table-list__option--selected
                        " data-item-id="23666716119" data-vendor-item-id="77367783821" data-hover-selection-text="250ml × 1개" data-hover-image-url="//thumbnail7.coupangcdn.com/thumbnails/remote/492x492ex/image/1025_amir_coupang_oct_80k/8c87/d2dd23de56886f4e3425f71c4030b2b78cf5d16bd712b08a5d040fe72de2.jpg" data-inspect-interaction="click" data-inspect-failedevent="option_table_item_non_interactive">
                    <div class="option-table-list__option-radio"></div>

                        <div class="option-table-list__option-name">
                            1개
                        </div>


                    <div class="option-table-list__option-info">

                        <div class="option-table-list__option-price">
                            11,900원


                                <img class="option-table-list__option-delivery-badge" src="https://image7.coupangcdn.com/image/coupang/rds/logo/hdpi/logo_rocket_small.png" height="16px">

                        </div>



                                <div class="option-table-list__option-unit-price">
                                    100ml당 4,760원

                                </div>




                    </div>
                </div>

                <div class="option-table-list__option

                        " data-item-id="23084492235" data-vendor-item-id="92459837839" data-hover-selection-text="250ml × 2개" data-hover-image-url="//thumbnail6.coupangcdn.com/thumbnails/remote/492x492ex/image/vendor_inventory/f1e6/f2daa894d96db47598fa2e5240fcd662da66536b60e8e7224e9957c77ec8.png" data-inspect-interaction="click" data-inspect-failedevent="option_table_item_non_interactive">
                    <div class="option-table-list__option-radio"></div>

                        <div class="option-table-list__option-name">
                            2개
                        </div>


                    <div class="option-table-list__option-info">

                        <div class="option-table-list__option-price">
                            22,900원


                        </div>



                                <div class="option-table-list__option-unit-price">
                                    100ml당 4,580원

                                </div>




                    </div>
                </div>

                <div class="option-table-list__option

                        " data-item-id="25334253754" data-vendor-item-id="92459965584" data-hover-selection-text="250ml × 3개" data-hover-image-url="//thumbnail10.coupangcdn.com/thumbnails/remote/492x492ex/image/vendor_inventory/a1fa/d951ef4fb413231bfa5e1d44be6ef6c0a2c6dddc4ebe25a14994d88953fb.png" data-inspect-interaction="click" data-inspect-failedevent="option_table_item_non_interactive">
                    <div class="option-table-list__option-radio"></div>

                        <div class="option-table-list__option-name">
                            3개
                        </div>


                    <div class="option-table-list__option-info">

                        <div class="option-table-list__option-price">
                            34,340원


                        </div>



                                <div class="option-table-list__option-unit-price">
                                    100ml당 4,579원

                                </div>




                    </div>
                </div>

                <div class="option-table-list__option

                        " data-item-id="25313633975" data-vendor-item-id="92308695590" data-hover-selection-text="250ml × 4개" data-hover-image-url="//thumbnail6.coupangcdn.com/thumbnails/remote/492x492ex/image/vendor_inventory/0460/53a93a6813797259ff0fcd0e27384754cbb93adbb4f0ac7e7072ffe1ad5a.png" data-inspect-interaction="click" data-inspect-failedevent="option_table_item_non_interactive">
                    <div class="option-table-list__option-radio"></div>

                        <div class="option-table-list__option-name">
                            4개
                        </div>


                    <div class="option-table-list__option-info">

                        <div class="option-table-list__option-price">
                            45,700원


                        </div>



                                <div class="option-table-list__option-unit-price">
                                    100ml당 4,570원

                                        <span class="option-table-list__option-unit-price-label">(최저 단위가)</span>

                                </div>




                    </div>
                </div>

        </div>

            <div class="option-table-list__see-all-btn">
                <span>모든 옵션 보기</span>
                <img class="option-table-list__see-all-btn-icon" src="//img1a.coupangcdn.com/image/sdp/option-table/icon_tabs_btn-right.png">
            </div>

    </div>













        </div>
    </div>




        <div class="shipping-fee-and-pdd-prod">






  <!--display logic summary-->













  <div class="prod-shipping-fee-and-pdd-wrapper apply-unknown-customer-handling


  ">
    <div class="prod-delivery-notice-container">

    </div>
    <div class="prod-delivery-company-and-seller-store-above-pdd-placeholder">
       <div class="prod-gold-fish-delivery-company-above-pdd-placeholder">

       </div>
       <div class="prod-gold-fish-vendor-above-pdd-placeholder">
          <div class="prod-vendor">

          </div>
       </div>
    </div>

    <div class="shipping-fee-and-pdd-53259">


    </div>


    <div class="prod-shipping-fee-container

      ">


        <div class="prod-shipping-fee

          ">


            <div class="SHIPPING_FEE_DISPLAY_0">
              <div class="prod-shipping-fee-message">
                <span><em class="prod-txt-bold">무료배송</em><em class="prod-txt-black"> (로켓배송 상품 19,800원 이상 구매 시)</em></span>

              </div>
              <div class="prod-shipping-consolidation">

              </div>
            </div>

            <div class="SHIPPING_FEE_DISPLAY_1">
              <div class="prod-shipping-fee-message">
                <span><em class="prod-txt-bold">무료배송</em></span>

              </div>
              <div class="prod-shipping-consolidation">

              </div>
            </div>


          <div class="prod-pre-order-release-container" style="display: none;">
            <span class="prod-pre-order-release-msg"></span>
          </div>
        </div>
      <div class="prod-other-seller" style="display: inline-block; margin-left: 0px;"><a href="javascript:void(0)" class="prod-other-seller-btn">다른 판매자 보기(<span class="prod-other-seller-count">7</span>)</a>
</div></div>






    <div class="prod-pdd-container">



      <div class="prod-pdd-display-area


      " style="display: none;">

      </div>

      <div class="prod-gold-fish-vendor-under-pdd-placeholder">
        <div class="prod-vendor">

        </div>
      </div>

      <div class="prod-pdd-list" style="display: block;">


            <div class="prod-pdd prod-pdd-list-item PDD_DISPLAY_0  selected">
              <span class="delivery-type-radio-btn"></span>
              <em class="prod-txt-onyx prod-txt-green-2">내일(수) 5/28</em><em class="prod-txt-onyx  prod-txt-green-normal"> 도착 보장</em><em class="prod-txt-onyx"> (</em><em class="prod-txt-onyx">7시간 52분</em><em class="prod-txt-onyx">  내 주문 시</em><em class="prod-txt-onyx"> / 서울⋅경기 기준</em><em class="prod-txt-onyx">)</em>





            </div>

            <div class="prod-pdd prod-pdd-list-item PDD_DISPLAY_1  ">
              <span class="delivery-type-radio-btn"></span>
              <em class="prod-txt-onyx prod-txt-green-2">내일(수) 5/28 새벽 7시 전 </em><em class="prod-txt-onyx  prod-txt-green-normal">도착 보장</em>




                    (<span class="loyalty-cut-off-message"><em class="prod-txt-onyx">밤 12시 전 주문 시</em></span> / <span>서울⋅경기 기준</span>)


                    <i class="rocket-falcon-icon question-mark-rocket-plus"></i>






            </div>


      </div>
    </div>

    <div class="shipping-fee-list" style="display: none;">

    </div>

    <div class="loyalty-reminder-default-address" style="display:none;">

        <img class="delivery-type-badge" src="" alt=""><em class="prod-gray-txt">가능 배송지로 변경 시 구매 가능</em>

    </div>
  </div>


<ul class="loyalty-reminder-hard-code-message">

  <li>현재 고객님 주소지는 서비스 대상이 아닙니다.</li>
  <li>곧 고객님께 찾아뵙도록 노력하겠습니다.</li>
</ul>
<div class="rocket-install-preorder-message" style="display: none;">
  <svg width="16" height="16" viewBox="0 0 16 16" fill="none" xmlns="http://www.w3.org/2000/svg">
    <path fill-rule="evenodd" clip-rule="evenodd" d="M8 0C3.58173 0 0 3.58172 0 8C0 12.4183 3.58173 16 8 16C12.4183 16 16 12.4183 16 8C16 3.58171 12.4183 0 8 0ZM8.00001 3.33333C7.35567 3.33333 6.83334 3.85567 6.83334 4.5C6.83334 5.14433 7.35567 5.66667 8.00001 5.66667C8.64434 5.66667 9.16667 5.14433 9.16667 4.5C9.16667 3.85567 8.64434 3.33333 8.00001 3.33333ZM9.0121 7.57036C8.96364 7.06326 8.53647 6.66667 8.01667 6.66667C7.46439 6.66667 7.01667 7.11438 7.01667 7.66667V11.6667L7.02125 11.763C7.06971 12.2701 7.49688 12.6667 8.01667 12.6667C8.56896 12.6667 9.01667 12.219 9.01667 11.6667V7.66667L9.0121 7.57036Z" fill="#454F5B"></path>
  </svg>
  <span>사전예약 상품의 설치일은 사전 협의 후 변경될 수 있습니다.</span>
</div>


</div>










<div class="prod-vendor-container" style="display:none">






	<div class="prod-vendor with">

		<div class="prod-vendor-info">










		</div>
    </div>
</div>






    <!--option-->




















    <div id="bundleOptionContainer">

    <div class="bundle-option-list" data-view-type="">

    </div>

</div>


    <div id="insuranceContainer" class=" ">
        <!--	placeholder    -->




    </div>






























<div class="prod-ccid-detail-container" style="">









</div>





<div class="sdp-cashback-summary-container">
    <div class="sdp-cashback-summary">
        <div class="sdp-cashback-summary__content">
            <div class="sdp-cashback-summary__title">
                적립
            </div>
            <div class="sdp-cashback-summary__info">
                <span class="sdp-cashback-summary__amount">최대 595원</span>
                <span class="sdp-cashback-summary__btn-popup">쿠팡캐시 적립</span>


                    <span class="sdp-cashback-summary__condition">· 쿠페이 머니 결제시</span>

            </div>



                    <span class="sdp-cashback-summary__btn-wow">혜택보기</span>


        </div>


    </div>


    <div id="cashbackPopup" class="sdp-cashback-summary-popup prod-modal-popup is-cashback-more-info" style="display:none">
        <div class="prod-modal-popup__header">
            <strong class="prod-modal-popup__header-title">캐시적립 혜택</strong>
            <span class="prod-modal-popup__header-close">닫기</span>
        </div>
        <div class="sdp-cashback-summary-popup__contents prod-modal-popup__contents">
    <section class="cashback-popup-section" data-benefit-type="club">
        <h2 class="cashback-popup__title">결제 혜택</h2>
        <div class="cashback-popup__list">
                <div class="cashback-item">
                    <div class="cashback-item__info">

                        쿠페이 머니 결제 시 1%
                        <div class="cashback-item__validity">(월 최대 1만원)</div>
                    </div>
                    <div class="cashback-item__amount" data-benefit-amount-type="">
                        <img src="https://img1a.coupangcdn.com/image/badges/cashback/web/simple-list-cash-icon@2x.png" class="ico-cashback" alt="">
                        <strong>119원</strong>
                    </div>
                </div>
                <div class="cashback-item">
                    <div class="cashback-item__info">
                        <img class="ico-wow" src="https://static.coupangcdn.com/image/badges/member/wow.png" alt="">
                        <strong>와우 멤버십</strong> + 쿠페이 계좌이체 결제 시 2%
                        <div class="cashback-item__validity">(첫 30일 동안, 월 최대 2만원)</div>
                    </div>
                    <div class="cashback-item__amount" data-benefit-amount-type="">
                        <img src="https://img1a.coupangcdn.com/image/badges/cashback/web/simple-list-cash-icon@2x.png" class="ico-cashback" alt="">
                        <strong>238원</strong>
                    </div>
                </div>
                <div class="cashback-item">
                    <div class="cashback-item__info">
                        <img class="ico-wow" src="https://static.coupangcdn.com/image/badges/member/wow.png" alt="">
                        <strong>와우 멤버십</strong>  + 쿠페이 머니 결제 시 추가 4%
                        <div class="cashback-item__validity">(첫 30일 동안, 월 최대 4만원)</div>
                    </div>
                    <div class="cashback-item__amount" data-benefit-amount-type="">
                        <img src="https://img1a.coupangcdn.com/image/badges/cashback/web/simple-list-cash-icon@2x.png" class="ico-cashback" alt="">
                        <strong>476원</strong>
                    </div>
                </div>
        </div>
    </section>

<div class="cashback-popup__notice">
        <p class="cashback-popup__notice-item">* 캐시적립 혜택은 배송 완료 7일 후 반영됩니다.</p>
        <p class="cashback-popup__notice-item">* 각 혜택 별로 중복 적용이 가능합니다.</p>
        <p class="cashback-popup__notice-item">* 쿠팡캐시를 사용해 결제한 금액은 캐시적립 혜택에서 제외됩니다.</p>
        <p class="cashback-popup__notice-item">* 쿠페이 머니 결제는 200만원을 초과하는 상품에 대해서는 불가합니다.</p>
</div>
</div>
    </div>
</div>




















        <div id="payment-methods-box">



                    <div class="payment-methods-box">
                        <strong>PC에서도 간편한 결제</strong>

                            <p>
                                <img src="https://image7.coupangcdn.com/image/coupang/common/payment/coupaymoney_color@4x.png" alt="">
                                <span>쿠페이머니</span>
                            </p>

                            <p>
                                <img src="https://image10.coupangcdn.com/image/coupang/common/payment/card_color@4x.png" alt="">
                                <span>카드</span>
                            </p>

                            <p>
                                <img src="https://image8.coupangcdn.com/image/coupang/common/payment/bankbook_color@4x.png" alt="">
                                <span>계좌이체</span>
                            </p>

                    </div>



        </div>
        <!--quantity and order-->
        <div class="prod-buy-quantity-and-footer



     ">
    <div class="prod-buy-quantity">





<div class="prod-buy__quantity">
    <div class="prod-quantity__form">
        <input type="text" value="1" class="prod-quantity__input" maxlength="6" autocomplete="off">
        <div style="display:table-cell;vertical-align:top;">
            <button class="prod-quantity__plus" type="button">수량빼기</button>
            <button class="prod-quantity__minus" type="button" disabled="">수량더하기</button>
        </div>
    </div>
</div>


    </div>

        <div class="prod-buy-footer ">
    <div class="prod-order-data" style="display:none;" data-carturl="//cart.coupang.com/cartView.pang" data-orderurl="/createCheckout.pang" data-categorylinkcode=""></div>
    <div class="prod-onetime-order " style="">
        <div class="button-box">
            <button class="prod-cart-btn" data-gaclick="{&quot;hitType&quot;:&quot;event&quot;, &quot;eventCategory&quot;:&quot;addCartButton&quot;, &quot;eventAction&quot;:&quot;click&quot;, &quot;eventLabel&quot;:&quot;optionBarButton&quot;, &quot;eventValue&quot;:0}">
                장바구니 담기
            </button>
            <button class="prod-buy-btn" data-gaclick="{&quot;hitType&quot;:&quot;event&quot;, &quot;eventCategory&quot;:&quot;orderButton&quot;, &quot;eventAction&quot;:&quot;click&quot;, &quot;eventLabel&quot;:&quot;buy_optionBarButton&quot;, &quot;eventValue&quot;:0}">
                    <span class="prod-buy-btn__txt">
                        바로구매
                    </span>
            </button>
        </div>
    </div>

    <div class="prod-restock-notification">
        <div class="button-box">
            <button class="prod-restock-notification-btn">
                재입고 알림신청
            </button>
            <div class="prod-restock-notification-clicked-btn" style="display: none">
                <span>재입고 알림신청 완료</span>
            </div>
            <div class="prod-restock-notification-hover-notifier">
                <div class="prod-restock-notification-hover-notifier-info">
                    <span class="prod-restock-notification-hover-notifier-content">재입고 시 회원님의 이메일로 알림이 발송됩니다.</span>
                    <span class="prod-restock-notification-hover-notifier-content"></span>
                </div>
            </div>
        </div>
    </div>
    <div class="prod-buy-quantity-and-footer__oos-or-unavailable" style="display: none;">
        품절
    </div>

    <div class="prod-subscribe-order">
        <div class="button-box">
            <button class="prod-subscription-buy prod-subscription-cart-btn">
                <span class="prod-buy-btn__txt">정기배송 장바구니 담기</span>
            </button>
        </div>
    </div>

    <div class="prod-loyalty-register-order" style="display: none;">
        <div class="button-box">

                <button class="prod-loyalty-register-btn" data-loyalty-landing-url="" id="loyaltyRegisterOrderButton">
                    <!-- text is different for different loyalty nudge -->














                                    <span class="prod-buy-btn__txt">로켓와우로 아침에 받기</span>



                </button>

        </div>
    </div>

    <div class="prod-loyalty-register-subscribe-order" style="display: none;">
        <div class="button-box">

                <button class="prod-loyalty-register-btn" data-loyalty-landing-url="" id="loyaltyRegisterSubscribeOrderButton">
                        <span class="prod-buy-btn__txt"></span>
                </button>

        </div>
    </div>

    <div class="prod-pre-order" style="display: none">
        <div class="button-box">
            <button class="prod-pre-order-btn">
                <span class="prod-buy-btn__txt">


                            바로 예약구매


                    </span>
            </button>
        </div>
    </div>
</div>


    <div class="prod-buy-quantity-and-footer__mask"></div>
</div>



    <!--buy box winner-->

    <!--description-->
    <div id="sdp-selling-point-placeholder" data-hide-internally-used-attributes-ab-key=""></div>
<script>
(function() {
if (!window.IntersectionObserver) {
    return;
}
var dom = document.getElementById('sdp-selling-point-placeholder');
if (!dom) {
    return;
}
var abOption = dom.getAttribute('data-hide-internally-used-attributes-ab-key');
if (!abOption) {
    return;
}
var observer = new window.IntersectionObserver(function(entries, observer2) {
    entries.forEach(function(entry) {
        // If intersectionRatio is 0, the target is out of view
        if (entry.isIntersecting && entry.intersectionRatio > 0) {
            new Image().src = '//www.coupang.com/np/abtest/logging/' + abOption + '?withLog=true';
            observer.disconnect();
        }
    });
},
{
    root: null,
    rootMargin: '0',
    threshold: 0,
});
observer.observe(dom);
})();
</script>

    <div class="prod-description">
    <ul class="prod-description-attribute">

        <li class="prod-attr-item" style="display: list-item;">소비기한(또는 유통기한): 2025-10-14 이거나 그 이후인 상품</li>

        <li class="prod-attr-item" style="display: list-item;">총 수량: 1개</li>

        <li class="prod-attr-item" style="display: list-item;">쿠팡상품번호: 8415084911 - 23666716119</li>

    </ul>
</div>


    <div class="prod-freebies" style="display:none"></div>
    <!--coupick - coupang choice-->
    <div class="prod-coupick"></div>
    <!--vfp-->
    <div class="prod-vfp-banner impression-log impression-log-reload" style="display: none;" data-impression-event-name="vfpbanner"></div>





    <div id="handymanContainer"></div>
    <div id="prod-offer-banner" class="prod-offer-banner">

</div>


</div>

                <div id="welcomeBackNudge" style="display: none;">
            </div>
        </div>
        <div id="btf" style="width: 980px; margin: 0 auto 40px auto; padding-top: 10px;"><div id="sdpAdsBottom" class="sdp-ads impression-log" data-impression-event-name="sdp-ads" style=""><div class="recommendation">
    <div class="recommendation-header"><div class="recommendation-header">
    <div class="recommendation-header__title">함께 비교하면 좋을 상품</div>
                <span class="recommendation-header__description">광고<i class="recommendation-header__description-icon"></i></span>
                <span class="recommendation-header__description-icon-tooltip">쿠팡으로부터 광고 서비스를 구매한 제휴업체의 판매상품입니다.</span>
</div>
</div>
    <div class="recommendation-inner"><div id="cid_2eky97j8syx_9645714" class="ui-horizontal-pagination-scroller">
    <div class="hps-scroll-inner" style="width: 5016px;">
        <table>
            <tr>
                    <td class="hps-component-mountpoint" key="cid_owpenvcgdg_9645714" style="width: 5016px;"><div class="ui-recommendation-list">
    <div class="rl-list">
        <ul>
                <li class="rl-item hps-scroll-item " data-index="0">
                    <a target="_blank" href="/vp/products/8787077506?itemId=25572104213&amp;searchId=feed-9cfea2524480404dab2a508c13b1645a-view_together_ads-P8415084911&amp;vendorItemId=92563222029&amp;sourceType=SDP_ADS&amp;clickEventId=3dfe5140-3ac9-11f0-824d-5226cdbe17a0" title="한포유 유기농 엑스트라버진 올리브오일 스틱 피쿠알 스페인 냉압착 올리브유, 6박스, 140g">
                        <div class="rl-item__image-wrap">
                            <img class="rl-item__image" src="//thumbnail9.coupangcdn.com/thumbnails/remote/300x300ex/image/vendor_inventory/850e/f929867068ac109e9909fd19b08b1dc1d87c663323b378a8f975902a0138.png" alt="한포유 유기농 엑스트라버진 올리브오일 스틱 피쿠알 스페인 냉압착 올리브유, 6박스, 140g" onerror="this.src='//t1a.coupangcdn.com/thumbnails/remote/300x300/image/coupang/common/no_img_1000_1000.png'">
                        </div>
                        <strong class="rl-item__title">한포유 유기농 엑스트라버진 올리브오일 스틱 피쿠알 스페인 냉압착 올리브유, 6박스, 140g</strong>
                        <div class="clearFix">
                            <span class="rl-item__price">
                                    <em>94,000</em>원
                            </span>
                        </div>
                            <div class="rl-item__unit-price">
                                (100g당 11,190원)
                            </div>
                            <div class="rl-item__review">
                                <span class="rl-item__review-score-bg">
                                  <span class="rl-item__review-score" style="width: 100%;">
                                    <em>100%</em>
                                  </span>
                                </span>
                                <span class="rl-item__review-count">
                                  (11)
                                </span>
                            </div>
                    </a>
                </li>
                <li class="rl-item hps-scroll-item " data-index="1">
                    <a target="_blank" href="/vp/products/8718116814?itemId=25322533535&amp;searchId=feed-9cfea2524480404dab2a508c13b1645a-view_together_ads-P8415084911&amp;vendorItemId=92321356847&amp;sourceType=SDP_ADS&amp;clickEventId=3dfe5140-3ac9-11f0-a859-3c8a72bfc3b7" title="퓨어데이즈 아침엔 100% 유기농 엑스트라버진 올리브오일 스틱 스페인, 120개, 10g">
                        <div class="rl-item__image-wrap">
                            <img class="rl-item__image" src="//thumbnail7.coupangcdn.com/thumbnails/remote/300x300ex/image/vendor_inventory/image_audit/stage/manual/14b2a1a3-fead-4fbc-ac78-5d2d7d0dce0b_1748219626743.jpeg" alt="퓨어데이즈 아침엔 100% 유기농 엑스트라버진 올리브오일 스틱 스페인, 120개, 10g" onerror="this.src='//t1a.coupangcdn.com/thumbnails/remote/300x300/image/coupang/common/no_img_1000_1000.png'">
                        </div>
                        <strong class="rl-item__title">퓨어데이즈 아침엔 100% 유기농 엑스트라버진 올리브오일 스틱 스페인, 120개, 10g</strong>
                        <div class="clearFix">
                            <span class="rl-item__price">
                                    <em>97,900</em>원
                            </span>
                                <img class="rl-item__badge" src="https://image7.coupangcdn.com/image/coupang/rds/logo/iphone_2x/logoRocketMerchantLargeV3R3@2x.png">
                        </div>
                            <div class="rl-item__unit-price">
                                (100g당 8,158원)
                            </div>
                            <div class="rl-item__review">
                                <span class="rl-item__review-score-bg">
                                  <span class="rl-item__review-score" style="width: 100%;">
                                    <em>100%</em>
                                  </span>
                                </span>
                                <span class="rl-item__review-count">
                                  (197)
                                </span>
                            </div>
                    </a>
                </li>
                <li class="rl-item hps-scroll-item " data-index="2">
                    <a target="_blank" href="/vp/products/8607344269?itemId=24962115405&amp;searchId=feed-9cfea2524480404dab2a508c13b1645a-view_together_ads-P8415084911&amp;vendorItemId=91967830362&amp;sourceType=SDP_ADS&amp;clickEventId=3dfe7850-3ac9-11f0-8b32-bb5ae8832ba8" title="셀게이트 올리브 올라이브 아침엔 유기농 엑스트라버진 올리브오일 100% 스페인, 180개, 10g">
                        <div class="rl-item__image-wrap">
                            <img class="rl-item__image" src="//thumbnail6.coupangcdn.com/thumbnails/remote/300x300ex/image/vendor_inventory/e50b/71ef4cb0b9a423f308e1196f580e413f91ed6eb8a265ae05bacaac6d9b60.jpg" alt="셀게이트 올리브 올라이브 아침엔 유기농 엑스트라버진 올리브오일 100% 스페인, 180개, 10g" onerror="this.src='//t1a.coupangcdn.com/thumbnails/remote/300x300/image/coupang/common/no_img_1000_1000.png'">
                        </div>
                        <strong class="rl-item__title">셀게이트 올리브 올라이브 아침엔 유기농 엑스트라버진 올리브오일 100% 스페인, 180개, 10g</strong>
                        <div class="clearFix">
                            <span class="rl-item__price">
                                    <em>198,000</em>원
                            </span>
                        </div>
                            <div class="rl-item__unit-price">
                                (100g당 11,000원)
                            </div>
                            <div class="rl-item__review">
                                <span class="rl-item__review-score-bg">
                                  <span class="rl-item__review-score" style="width: 90%;">
                                    <em>90%</em>
                                  </span>
                                </span>
                                <span class="rl-item__review-count">
                                  (177)
                                </span>
                            </div>
                    </a>
                </li>
                <li class="rl-item hps-scroll-item " data-index="3">
                    <a target="_blank" href="/vp/products/1294553861?itemId=437217744&amp;searchId=feed-9cfea2524480404dab2a508c13b1645a-view_together_ads-P8415084911&amp;vendorItemId=91728043057&amp;sourceType=SDP_ADS&amp;clickEventId=3dfe7850-3ac9-11f0-b3a0-28a6663e693f" title="브루아오로 올리브 오일, 750ml, 2개">
                        <div class="rl-item__image-wrap">
                            <img class="rl-item__image" src="//thumbnail10.coupangcdn.com/thumbnails/remote/300x300ex/image/vendor_inventory/d9b0/2f4dbb0c2f2e0a3677315205957e94aa2a34fdd7580c8c76b7327c6d7d92.jpg" alt="브루아오로 올리브 오일, 750ml, 2개" onerror="this.src='//t1a.coupangcdn.com/thumbnails/remote/300x300/image/coupang/common/no_img_1000_1000.png'">
                        </div>
                        <strong class="rl-item__title">브루아오로 올리브 오일, 750ml, 2개</strong>
                        <div class="clearFix">
                            <span class="rl-item__price">
                                    <em>280,500</em>원
                            </span>
                                <img class="rl-item__badge" src="https://image7.coupangcdn.com/image/coupang/rds/logo/iphone_2x/logoRocketMerchantLargeV3R3@2x.png">
                        </div>
                            <div class="rl-item__unit-price">
                                (100ml당 18,700원)
                            </div>
                            <div class="rl-item__review">
                                <span class="rl-item__review-score-bg">
                                  <span class="rl-item__review-score" style="width: 100%;">
                                    <em>100%</em>
                                  </span>
                                </span>
                                <span class="rl-item__review-count">
                                  (2,457)
                                </span>
                            </div>
                    </a>
                </li>
                <li class="rl-item hps-scroll-item " data-index="4">
                    <a target="_blank" href="/vp/products/8610425462?itemId=25248283139&amp;searchId=feed-9cfea2524480404dab2a508c13b1645a-view_together_ads-P8415084911&amp;vendorItemId=92524337475&amp;sourceType=SDP_ADS&amp;clickEventId=3dfe7850-3ac9-11f0-89af-b6c4f2b7732c" title="올리브 올라이브 스틱형 올리브오일 유기농 엑스트라버전 그리스산, 84개, 8g">
                        <div class="rl-item__image-wrap">
                            <img class="rl-item__image" src="//thumbnail10.coupangcdn.com/thumbnails/remote/300x300ex/image/vendor_inventory/5cc8/2fd91b72321b520eb1ddb9529f4214eed5f7d3ae7e313675df30dbf2daa7.jpg" alt="올리브 올라이브 스틱형 올리브오일 유기농 엑스트라버전 그리스산, 84개, 8g" onerror="this.src='//t1a.coupangcdn.com/thumbnails/remote/300x300/image/coupang/common/no_img_1000_1000.png'">
                        </div>
                        <strong class="rl-item__title">올리브 올라이브 스틱형 올리브오일 유기농 엑스트라버전 그리스산, 84개, 8g</strong>
                        <div class="clearFix">
                            <span class="rl-item__price">
                                    <em>79,890</em>원
                            </span>
                        </div>
                            <div class="rl-item__unit-price">
                                (100g당 11,888원)
                            </div>
                            <div class="rl-item__review">
                                <span class="rl-item__review-score-bg">
                                  <span class="rl-item__review-score" style="width: 100%;">
                                    <em>100%</em>
                                  </span>
                                </span>
                                <span class="rl-item__review-count">
                                  (139)
                                </span>
                            </div>
                    </a>
                </li>
                <li class="rl-item hps-scroll-item " data-index="5">
                    <a target="_blank" href="/vp/products/8730873764?itemId=25368876525&amp;searchId=feed-9cfea2524480404dab2a508c13b1645a-view_together_ads-P8415084911&amp;vendorItemId=92497082545&amp;sourceType=SDP_ADS&amp;clickEventId=3dfe7850-3ac9-11f0-921d-64d3149ab8bf" title="올리바즈모 유기농 엑스트라버진 올리브오일 스틱, 30개, 10ml">
                        <div class="rl-item__image-wrap">
                            <img class="rl-item__image" src="//thumbnail7.coupangcdn.com/thumbnails/remote/300x300ex/image/vendor_inventory/0bc4/094dcb329f81b6f62a509bd7fe0d4c5cc8936d337dde29f22cfeb060119b.jpg" alt="올리바즈모 유기농 엑스트라버진 올리브오일 스틱, 30개, 10ml" onerror="this.src='//t1a.coupangcdn.com/thumbnails/remote/300x300/image/coupang/common/no_img_1000_1000.png'">
                        </div>
                        <strong class="rl-item__title">올리바즈모 유기농 엑스트라버진 올리브오일 스틱, 30개, 10ml</strong>
                        <div class="clearFix">
                            <span class="rl-item__price">
                                    <em>25,900</em>원
                            </span>
                                <img class="rl-item__badge" src="https://image7.coupangcdn.com/image/coupang/rds/logo/iphone_2x/logoRocketMerchantLargeV3R3@2x.png">
                        </div>
                            <div class="rl-item__unit-price">
                                (100ml당 8,633원)
                            </div>
                            <div class="rl-item__review">
                                <span class="rl-item__review-score-bg">
                                  <span class="rl-item__review-score" style="width: 100%;">
                                    <em>100%</em>
                                  </span>
                                </span>
                                <span class="rl-item__review-count">
                                  (120)
                                </span>
                            </div>
                    </a>
                </li>
                <li class="rl-item hps-scroll-item " data-index="6">
                    <a target="_blank" href="/vp/products/8760900689?itemId=25514204620&amp;searchId=feed-9cfea2524480404dab2a508c13b1645a-view_together_ads-P8415084911&amp;vendorItemId=92506166705&amp;sourceType=SDP_ADS&amp;clickEventId=3dfe7850-3ac9-11f0-a0a7-fe9a009c1d6c" title="NUON 비우템 유기농 엑스트라버진 올리브오일 스틱 14p, 140g, 5개">
                        <div class="rl-item__image-wrap">
                            <img class="rl-item__image" src="//thumbnail10.coupangcdn.com/thumbnails/remote/300x300ex/image/retail/images/2025/05/13/11/5/f373bff1-19be-4a96-b3e1-5bdc50b24015.png" alt="NUON 비우템 유기농 엑스트라버진 올리브오일 스틱 14p, 140g, 5개" onerror="this.src='//t1a.coupangcdn.com/thumbnails/remote/300x300/image/coupang/common/no_img_1000_1000.png'">
                        </div>
                        <strong class="rl-item__title">NUON 비우템 유기농 엑스트라버진 올리브오일 스틱 14p, 140g, 5개</strong>
                        <div class="clearFix">
                            <span class="rl-item__price">
                                    <em>75,100</em>원
                            </span>
                                <img class="rl-item__badge" src="https://image10.coupangcdn.com/image/badges/rocket/rocket_logo.png">
                        </div>
                            <div class="rl-item__unit-price">
                                (100g당 10,729원)
                            </div>
                            <div class="rl-item__review">
                                <span class="rl-item__review-score-bg">
                                  <span class="rl-item__review-score" style="width: 100%;">
                                    <em>100%</em>
                                  </span>
                                </span>
                                <span class="rl-item__review-count">
                                  (131)
                                </span>
                            </div>
                    </a>
                </li>
                <li class="rl-item hps-scroll-item " data-index="7">
                    <a target="_blank" href="/vp/products/8774042646?itemId=25523941239&amp;searchId=feed-9cfea2524480404dab2a508c13b1645a-view_together_ads-P8415084911&amp;vendorItemId=92515748566&amp;sourceType=SDP_ADS&amp;clickEventId=3dfe7850-3ac9-11f0-9c8b-9d5f295371f8" title="베스트오브그린 피쿠알 유기농 엑스트라버진 올리브오일 스틱 15개입, 4박스, 150g">
                        <div class="rl-item__image-wrap">
                            <img class="rl-item__image" src="//thumbnail7.coupangcdn.com/thumbnails/remote/300x300ex/image/vendor_inventory/e687/9c725ad00206415ff2477b7e7920ceb7c83753ba7ddd1a815c32c1165ecd.jpg" alt="베스트오브그린 피쿠알 유기농 엑스트라버진 올리브오일 스틱 15개입, 4박스, 150g" onerror="this.src='//t1a.coupangcdn.com/thumbnails/remote/300x300/image/coupang/common/no_img_1000_1000.png'">
                        </div>
                        <strong class="rl-item__title">베스트오브그린 피쿠알 유기농 엑스트라버진 올리브오일 스틱 15개입, 4박스, 150g</strong>
                        <div class="clearFix">
                            <span class="rl-item__price">
                                    <em>54,900</em>원
                            </span>
                        </div>
                            <div class="rl-item__unit-price">
                                (100g당 9,150원)
                            </div>
                            <div class="rl-item__review">
                                <span class="rl-item__review-score-bg">
                                  <span class="rl-item__review-score" style="width: 100%;">
                                    <em>100%</em>
                                  </span>
                                </span>
                                <span class="rl-item__review-count">
                                  (48)
                                </span>
                            </div>
                    </a>
                </li>
                <li class="rl-item hps-scroll-item " data-index="8">
                    <a target="_blank" href="/vp/products/8180343419?itemId=19392628600&amp;searchId=feed-9cfea2524480404dab2a508c13b1645a-view_together_ads-P8415084911&amp;vendorItemId=79773331091&amp;sourceType=SDP_ADS&amp;clickEventId=3dfe9f60-3ac9-11f0-b4e7-c9d3787730c8" title="후에르타 로스 까뇨스 유기농 엑스트라 버진 올리브 오일 500ML, 2+1이벤트(에어캡포장), 3개">
                        <div class="rl-item__image-wrap">
                            <img class="rl-item__image" src="//thumbnail7.coupangcdn.com/thumbnails/remote/300x300ex/image/vendor_inventory/4a3b/77e73969d948bccad6c300e6552a3a931c6042296ecdff884ff5b5da20fb.png" alt="후에르타 로스 까뇨스 유기농 엑스트라 버진 올리브 오일 500ML, 2+1이벤트(에어캡포장), 3개" onerror="this.src='//t1a.coupangcdn.com/thumbnails/remote/300x300/image/coupang/common/no_img_1000_1000.png'">
                        </div>
                        <strong class="rl-item__title">후에르타 로스 까뇨스 유기농 엑스트라 버진 올리브 오일 500ML, 2+1이벤트(에어캡포장), 3개</strong>
                        <div class="clearFix">
                            <span class="rl-item__price">
                                    <em>260,000</em>원
                            </span>
                        </div>
                            <div class="rl-item__unit-price">
                                (100ml당 17,333원)
                            </div>
                            <div class="rl-item__review">
                                <span class="rl-item__review-score-bg">
                                  <span class="rl-item__review-score" style="width: 100%;">
                                    <em>100%</em>
                                  </span>
                                </span>
                                <span class="rl-item__review-count">
                                  (160)
                                </span>
                            </div>
                    </a>
                </li>
                <li class="rl-item hps-scroll-item " data-index="9">
                    <a target="_blank" href="/vp/products/8588569602?itemId=24477984689&amp;searchId=feed-9cfea2524480404dab2a508c13b1645a-view_together_ads-P8415084911&amp;vendorItemId=92095741438&amp;sourceType=SDP_ADS&amp;clickEventId=3dfe9f60-3ac9-11f0-bd11-7f6843f8c360" title="코린토 그리스 올리브오일 엑스트라 버진 폴리페놀 공복 선물세트, 1개, 500ml">
                        <div class="rl-item__image-wrap">
                            <img class="rl-item__image" src="//thumbnail10.coupangcdn.com/thumbnails/remote/300x300ex/image/vendor_inventory/4b72/9762cd712dd3af14b6ed7deddf75928b229bd73e581bdc9966832fab2572.jpg" alt="코린토 그리스 올리브오일 엑스트라 버진 폴리페놀 공복 선물세트, 1개, 500ml" onerror="this.src='//t1a.coupangcdn.com/thumbnails/remote/300x300/image/coupang/common/no_img_1000_1000.png'">
                        </div>
                        <strong class="rl-item__title">코린토 그리스 올리브오일 엑스트라 버진 폴리페놀 공복 선물세트, 1개, 500ml</strong>
                        <div class="clearFix">
                            <span class="rl-item__price">
                                    <em>58,990</em>원
                            </span>
                                <img class="rl-item__badge" src="https://image7.coupangcdn.com/image/coupang/rds/logo/iphone_2x/logoRocketMerchantLargeV3R3@2x.png">
                        </div>
                            <div class="rl-item__unit-price">
                                (100ml당 11,798원)
                            </div>
                            <div class="rl-item__review">
                                <span class="rl-item__review-score-bg">
                                  <span class="rl-item__review-score" style="width: 100%;">
                                    <em>100%</em>
                                  </span>
                                </span>
                                <span class="rl-item__review-count">
                                  (170)
                                </span>
                            </div>
                    </a>
                </li>
                <li class="rl-item hps-scroll-item " data-index="10">
                    <a target="_blank" href="/vp/products/6197482465?itemId=12275199660&amp;searchId=feed-9cfea2524480404dab2a508c13b1645a-view_together_ads-P8415084911&amp;vendorItemId=90286155503&amp;sourceType=SDP_ADS&amp;clickEventId=3dfe9f60-3ac9-11f0-9495-1df088356e9b" title="친환경 건강에 좋은 유기농 햇 엑스트라버진 올리브오일 500ml 집들이 선물 폴리페놀 올레오칸탈 고함량 토마토향 데오르테가스, 1개">
                        <div class="rl-item__image-wrap">
                            <img class="rl-item__image" src="//thumbnail10.coupangcdn.com/thumbnails/remote/300x300ex/image/vendor_inventory/6739/e8403cc3392be5092e545b1a9f576648976808c3a47ddc6673cbcde492e3.jpg" alt="친환경 건강에 좋은 유기농 햇 엑스트라버진 올리브오일 500ml 집들이 선물 폴리페놀 올레오칸탈 고함량 토마토향 데오르테가스, 1개" onerror="this.src='//t1a.coupangcdn.com/thumbnails/remote/300x300/image/coupang/common/no_img_1000_1000.png'">
                        </div>
                        <strong class="rl-item__title">친환경 건강에 좋은 유기농 햇 엑스트라버진 올리브오일 500ml 집들이 선물 폴리페놀 올레오칸탈 고함량 토마토향 데오르테가스, 1개</strong>
                        <div class="clearFix">
                            <span class="rl-item__price">
                                    <em>58,500</em>원
                            </span>
                        </div>
                            <div class="rl-item__unit-price">
                                (100ml당 11,700원)
                            </div>
                            <div class="rl-item__review">
                                <span class="rl-item__review-score-bg">
                                  <span class="rl-item__review-score" style="width: 90%;">
                                    <em>90%</em>
                                  </span>
                                </span>
                                <span class="rl-item__review-count">
                                  (335)
                                </span>
                            </div>
                    </a>
                </li>
                <li class="rl-item hps-scroll-item " data-index="11">
                    <a target="_blank" href="/vp/products/1142135913?itemId=2113414471&amp;searchId=feed-9cfea2524480404dab2a508c13b1645a-view_together_ads-P8415084911&amp;vendorItemId=89336727083&amp;sourceType=SDP_ADS&amp;clickEventId=3dfe9f60-3ac9-11f0-9ee2-1cc6f1dd5756" title="오로op 엑스트라버진 올리브오일, 2개, 750ml">
                        <div class="rl-item__image-wrap">
                            <img class="rl-item__image" src="//thumbnail8.coupangcdn.com/thumbnails/remote/300x300ex/image/vendor_inventory/c9f4/ef3d55d4323e1b99dead5fc5d8ee0389cdce8a774369c75ae0cea1d75335.jpg" alt="오로op 엑스트라버진 올리브오일, 2개, 750ml" onerror="this.src='//t1a.coupangcdn.com/thumbnails/remote/300x300/image/coupang/common/no_img_1000_1000.png'">
                        </div>
                        <strong class="rl-item__title">오로op 엑스트라버진 올리브오일, 2개, 750ml</strong>
                        <div class="clearFix">
                            <span class="rl-item__price">
                                    <em>185,000</em>원
                            </span>
                                <img class="rl-item__badge" src="https://image7.coupangcdn.com/image/coupang/rds/logo/iphone_2x/logoRocketMerchantLargeV3R3@2x.png">
                        </div>
                            <div class="rl-item__unit-price">
                                (100ml당 12,333원)
                            </div>
                            <div class="rl-item__review">
                                <span class="rl-item__review-score-bg">
                                  <span class="rl-item__review-score" style="width: 100%;">
                                    <em>100%</em>
                                  </span>
                                </span>
                                <span class="rl-item__review-count">
                                  (168)
                                </span>
                            </div>
                    </a>
                </li>
                <li class="rl-item hps-scroll-item " data-index="12">
                    <a target="_blank" href="/vp/products/8509349738?itemId=24630176705&amp;searchId=feed-9cfea2524480404dab2a508c13b1645a-view_together_ads-P8415084911&amp;vendorItemId=91001050824&amp;sourceType=SDP_ADS&amp;clickEventId=3dfe9f60-3ac9-11f0-a2bb-810fba997eab" title="라고챠도로 퓨도토 유기농 DOP인증 산도 0.08 프리미엄 올리브오일, 2개, 500ml">
                        <div class="rl-item__image-wrap">
                            <img class="rl-item__image" src="//thumbnail7.coupangcdn.com/thumbnails/remote/300x300ex/image/vendor_inventory/334a/c54c3e75043d640a37c8e6320fc8a0c28d5d42a1d9c593e723a76ff3f639.jpg" alt="라고챠도로 퓨도토 유기농 DOP인증 산도 0.08 프리미엄 올리브오일, 2개, 500ml" onerror="this.src='//t1a.coupangcdn.com/thumbnails/remote/300x300/image/coupang/common/no_img_1000_1000.png'">
                        </div>
                        <strong class="rl-item__title">라고챠도로 퓨도토 유기농 DOP인증 산도 0.08 프리미엄 올리브오일, 2개, 500ml</strong>
                        <div class="clearFix">
                            <span class="rl-item__price">
                                    <em>151,500</em>원
                            </span>
                        </div>
                            <div class="rl-item__unit-price">
                                (100ml당 15,150원)
                            </div>
                            <div class="rl-item__review">
                                <span class="rl-item__review-score-bg">
                                  <span class="rl-item__review-score" style="width: 100%;">
                                    <em>100%</em>
                                  </span>
                                </span>
                                <span class="rl-item__review-count">
                                  (48)
                                </span>
                            </div>
                    </a>
                </li>
                <li class="rl-item hps-scroll-item " data-index="13">
                    <a target="_blank" href="/vp/products/8620374366?itemId=25009301312&amp;searchId=feed-9cfea2524480404dab2a508c13b1645a-view_together_ads-P8415084911&amp;vendorItemId=92040193121&amp;sourceType=SDP_ADS&amp;clickEventId=3dfe9f60-3ac9-11f0-a58c-315c22057e5c" title="까사스디후알도 산도0.1 엑스트라버진 햇올리브오일 파르티다리얼, 1개, 500ml">
                        <div class="rl-item__image-wrap">
                            <img class="rl-item__image" src="//thumbnail8.coupangcdn.com/thumbnails/remote/300x300ex/image/vendor_inventory/9b79/06c96709ef58adf52964099ef1c736c87eadcf5ba63454a6efada4be7594.jpg" alt="까사스디후알도 산도0.1 엑스트라버진 햇올리브오일 파르티다리얼, 1개, 500ml" onerror="this.src='//t1a.coupangcdn.com/thumbnails/remote/300x300/image/coupang/common/no_img_1000_1000.png'">
                        </div>
                        <strong class="rl-item__title">까사스디후알도 산도0.1 엑스트라버진 햇올리브오일 파르티다리얼, 1개, 500ml</strong>
                        <div class="clearFix">
                            <span class="rl-item__price">
                                    <em>38,000</em>원
                            </span>
                                <img class="rl-item__badge" src="https://image7.coupangcdn.com/image/coupang/rds/logo/iphone_2x/logoRocketMerchantLargeV3R3@2x.png">
                        </div>
                            <div class="rl-item__unit-price">
                                (100ml당 7,600원)
                            </div>
                            <div class="rl-item__review">
                                <span class="rl-item__review-score-bg">
                                  <span class="rl-item__review-score" style="width: 100%;">
                                    <em>100%</em>
                                  </span>
                                </span>
                                <span class="rl-item__review-count">
                                  (25)
                                </span>
                            </div>
                    </a>
                </li>
                <li class="rl-item hps-scroll-item " data-index="14">
                    <a target="_blank" href="/vp/products/7592574518?itemId=23169658446&amp;searchId=feed-9cfea2524480404dab2a508c13b1645a-view_together_ads-P8415084911&amp;vendorItemId=90202425805&amp;sourceType=SDP_ADS&amp;clickEventId=3dfe9f60-3ac9-11f0-bda9-38a65701b801" title="[스크래치상품] 발레마히나 엑스트라버진 올리브오일 750ml, 1개">
                        <div class="rl-item__image-wrap">
                            <img class="rl-item__image" src="//thumbnail9.coupangcdn.com/thumbnails/remote/300x300ex/image/vendor_inventory/2249/995ec722e5d648cee3c1d6af93691a7b9d7feec19f6d48424158e9b95fb1.jpg" alt="[스크래치상품] 발레마히나 엑스트라버진 올리브오일 750ml, 1개" onerror="this.src='//t1a.coupangcdn.com/thumbnails/remote/300x300/image/coupang/common/no_img_1000_1000.png'">
                        </div>
                        <strong class="rl-item__title">[스크래치상품] 발레마히나 엑스트라버진 올리브오일 750ml, 1개</strong>
                        <div class="clearFix">
                            <span class="rl-item__price">
                                    <em>80,000</em>원
                            </span>
                        </div>
                            <div class="rl-item__unit-price">
                                (100ml당 10,667원)
                            </div>
                            <div class="rl-item__review">
                                <span class="rl-item__review-score-bg">
                                  <span class="rl-item__review-score" style="width: 100%;">
                                    <em>100%</em>
                                  </span>
                                </span>
                                <span class="rl-item__review-count">
                                  (56)
                                </span>
                            </div>
                    </a>
                </li>
                <li class="rl-item hps-scroll-item " data-index="15">
                    <a target="_blank" href="/vp/products/7561919462?itemId=19924291786&amp;searchId=feed-9cfea2524480404dab2a508c13b1645a-view_together_ads-P8415084911&amp;vendorItemId=85693558346&amp;sourceType=SDP_ADS&amp;clickEventId=3dfec670-3ac9-11f0-885b-780ea61625bb" title="푸엔케사다 500ml 1개 산도 0.09 175년 역사 햇 올리브 [디오팜] 스페인 프리미엄 피쿠알 엑스트라버진 올리브오일(FUENQUESADA)">
                        <div class="rl-item__image-wrap">
                            <img class="rl-item__image" src="//thumbnail6.coupangcdn.com/thumbnails/remote/300x300ex/image/vendor_inventory/abf7/5837ecb3a661f07ad1b1918eb688704417a19af56e3f53375bc33b213e76.jpg" alt="푸엔케사다 500ml 1개 산도 0.09 175년 역사 햇 올리브 [디오팜] 스페인 프리미엄 피쿠알 엑스트라버진 올리브오일(FUENQUESADA)" onerror="this.src='//t1a.coupangcdn.com/thumbnails/remote/300x300/image/coupang/common/no_img_1000_1000.png'">
                        </div>
                        <strong class="rl-item__title">푸엔케사다 500ml 1개 산도 0.09 175년 역사 햇 올리브 [디오팜] 스페인 프리미엄 피쿠알 엑스트라버진 올리브오일(FUENQUESADA)</strong>
                        <div class="clearFix">
                            <span class="rl-item__price">
                                    <em>107,000</em>원
                            </span>
                        </div>
                            <div class="rl-item__unit-price">
                                (100ml당 21,400원)
                            </div>
                            <div class="rl-item__review">
                                <span class="rl-item__review-score-bg">
                                  <span class="rl-item__review-score" style="width: 100%;">
                                    <em>100%</em>
                                  </span>
                                </span>
                                <span class="rl-item__review-count">
                                  (10)
                                </span>
                            </div>
                    </a>
                </li>
                <li class="rl-item hps-scroll-item " data-index="16">
                    <a target="_blank" href="/vp/products/8180240093?itemId=770512133&amp;searchId=feed-9cfea2524480404dab2a508c13b1645a-view_together_ads-P8415084911&amp;vendorItemId=87404316199&amp;sourceType=SDP_ADS&amp;clickEventId=3dfec670-3ac9-11f0-88f7-aa3e97f6b116" title="에르무스 엑스트라버진 올리브오일, 500ml, 1개">
                        <div class="rl-item__image-wrap">
                            <img class="rl-item__image" src="//thumbnail6.coupangcdn.com/thumbnails/remote/300x300ex/image/vendor_inventory/e770/869de0c8bc3433034e04c359135f3129ea8e2054d377b0123519681232de.jpg" alt="에르무스 엑스트라버진 올리브오일, 500ml, 1개" onerror="this.src='//t1a.coupangcdn.com/thumbnails/remote/300x300/image/coupang/common/no_img_1000_1000.png'">
                        </div>
                        <strong class="rl-item__title">에르무스 엑스트라버진 올리브오일, 500ml, 1개</strong>
                        <div class="clearFix">
                            <span class="rl-item__price">
                                    <em>72,000</em>원
                            </span>
                                <img class="rl-item__badge" src="https://image7.coupangcdn.com/image/coupang/rds/logo/iphone_2x/logoRocketMerchantLargeV3R3@2x.png">
                        </div>
                            <div class="rl-item__unit-price">
                                (100ml당 14,400원)
                            </div>
                            <div class="rl-item__review">
                                <span class="rl-item__review-score-bg">
                                  <span class="rl-item__review-score" style="width: 100%;">
                                    <em>100%</em>
                                  </span>
                                </span>
                                <span class="rl-item__review-count">
                                  (981)
                                </span>
                            </div>
                    </a>
                </li>
                <li class="rl-item hps-scroll-item " data-index="17">
                    <a target="_blank" href="/vp/products/5280771186?itemId=14512454630&amp;searchId=feed-9cfea2524480404dab2a508c13b1645a-view_together_ads-P8415084911&amp;vendorItemId=86216452957&amp;sourceType=SDP_ADS&amp;clickEventId=3dfec670-3ac9-11f0-8609-bb8b3915ee36" title="스페인 알파라마야 엑스트라버진 냉압착 올리브오일 500ml, 4개">
                        <div class="rl-item__image-wrap">
                            <img class="rl-item__image" src="//thumbnail10.coupangcdn.com/thumbnails/remote/300x300ex/image/vendor_inventory/a4ef/10f759e1c1517ca2029dbf5f4ed77e738361f85c0ea2d1006907e1ebe238.jpg" alt="스페인 알파라마야 엑스트라버진 냉압착 올리브오일 500ml, 4개" onerror="this.src='//t1a.coupangcdn.com/thumbnails/remote/300x300/image/coupang/common/no_img_1000_1000.png'">
                        </div>
                        <strong class="rl-item__title">스페인 알파라마야 엑스트라버진 냉압착 올리브오일 500ml, 4개</strong>
                        <div class="clearFix">
                            <span class="rl-item__price">
                                    <em>118,300</em>원
                            </span>
                        </div>
                            <div class="rl-item__unit-price">
                                (100ml당 5,915원)
                            </div>
                            <div class="rl-item__review">
                                <span class="rl-item__review-score-bg">
                                  <span class="rl-item__review-score" style="width: 100%;">
                                    <em>100%</em>
                                  </span>
                                </span>
                                <span class="rl-item__review-count">
                                  (464)
                                </span>
                            </div>
                    </a>
                </li>
                <li class="rl-item hps-scroll-item " data-index="18">
                    <a target="_blank" href="/vp/products/8288603757?itemId=21295384712&amp;searchId=feed-9cfea2524480404dab2a508c13b1645a-view_together_ads-P8415084911&amp;vendorItemId=89153677059&amp;sourceType=SDP_ADS&amp;clickEventId=3dfec670-3ac9-11f0-845f-ceac6d2baa2d" title="브루아오로 리미티드에디션 유기농 폴리페놀 엑스트라버진올리브오일, 1개, 750ml">
                        <div class="rl-item__image-wrap">
                            <img class="rl-item__image" src="//thumbnail10.coupangcdn.com/thumbnails/remote/300x300ex/image/vendor_inventory/391d/31f7709e935cbb777687f011afe209875b84ad3e84a93fafae505d2682cb.png" alt="브루아오로 리미티드에디션 유기농 폴리페놀 엑스트라버진올리브오일, 1개, 750ml" onerror="this.src='//t1a.coupangcdn.com/thumbnails/remote/300x300/image/coupang/common/no_img_1000_1000.png'">
                        </div>
                        <strong class="rl-item__title">브루아오로 리미티드에디션 유기농 폴리페놀 엑스트라버진올리브오일, 1개, 750ml</strong>
                        <div class="clearFix">
                            <span class="rl-item__price">
                                    <em>175,000</em>원
                            </span>
                                <img class="rl-item__badge" src="https://image7.coupangcdn.com/image/coupang/rds/logo/iphone_2x/logoRocketMerchantLargeV3R3@2x.png">
                        </div>
                            <div class="rl-item__unit-price">
                                (100ml당 23,333원)
                            </div>
                            <div class="rl-item__review">
                                <span class="rl-item__review-score-bg">
                                  <span class="rl-item__review-score" style="width: 100%;">
                                    <em>100%</em>
                                  </span>
                                </span>
                                <span class="rl-item__review-count">
                                  (441)
                                </span>
                            </div>
                    </a>
                </li>
                <li class="rl-item hps-scroll-item " data-index="19">
                    <a target="_blank" href="/vp/products/8743360985?itemId=25410381120&amp;searchId=feed-9cfea2524480404dab2a508c13b1645a-view_together_ads-P8415084911&amp;vendorItemId=91202237968&amp;sourceType=SDP_ADS&amp;clickEventId=3dfec670-3ac9-11f0-8d84-1b34def05ecb" title="마지시모 올리브오일 가열용 요리용, 1개">
                        <div class="rl-item__image-wrap">
                            <img class="rl-item__image" src="//thumbnail10.coupangcdn.com/thumbnails/remote/300x300ex/image/vendor_inventory/f8dd/32230d60d2e9a7931a4423b19fae51e8412d0d3522e13ecd4652ab517c3a.png" alt="마지시모 올리브오일 가열용 요리용, 1개" onerror="this.src='//t1a.coupangcdn.com/thumbnails/remote/300x300/image/coupang/common/no_img_1000_1000.png'">
                        </div>
                        <strong class="rl-item__title">마지시모 올리브오일 가열용 요리용, 1개</strong>
                        <div class="clearFix">
                            <span class="rl-item__price">
                                    <em>39,000</em>원
                            </span>
                                <img class="rl-item__badge" src="https://image7.coupangcdn.com/image/coupang/rds/logo/iphone_2x/logoRocketMerchantLargeV3R3@2x.png">
                        </div>
                            <div class="rl-item__unit-price">
                                (1세트당 39,000원)
                            </div>
                            <div class="rl-item__review">
                                <span class="rl-item__review-score-bg">
                                  <span class="rl-item__review-score" style="width: 100%;">
                                    <em>100%</em>
                                  </span>
                                </span>
                                <span class="rl-item__review-count">
                                  (16)
                                </span>
                            </div>
                    </a>
                </li>
                <li class="rl-item hps-scroll-item " data-index="20">
                    <a target="_blank" href="/vp/products/8797347896?itemId=25612747291&amp;searchId=feed-9cfea2524480404dab2a508c13b1645a-view_together_ads-P8415084911&amp;vendorItemId=92320799154&amp;sourceType=SDP_ADS&amp;clickEventId=3dfec670-3ac9-11f0-9253-8880dabb4b53" title="올리브오일 엑스트라버진 올리브유, 30g, 1개">
                        <div class="rl-item__image-wrap">
                            <img class="rl-item__image" src="//thumbnail9.coupangcdn.com/thumbnails/remote/300x300ex/image/vendor_inventory/3a50/1c8fc91bb38465a87bc27af148998f66445ec200ef77e19077c4f25e723c.jpg" alt="올리브오일 엑스트라버진 올리브유, 30g, 1개" onerror="this.src='//t1a.coupangcdn.com/thumbnails/remote/300x300/image/coupang/common/no_img_1000_1000.png'">
                        </div>
                        <strong class="rl-item__title">올리브오일 엑스트라버진 올리브유, 30g, 1개</strong>
                        <div class="clearFix">
                            <span class="rl-item__price">
                                    <em>16,540</em>원
                            </span>
                        </div>
                            <div class="rl-item__unit-price">
                                (100g당 55,133원)
                            </div>
                    </a>
                </li>
                <li class="rl-item hps-scroll-item " data-index="21">
                    <a target="_blank" href="/vp/products/8670204148?itemId=25168659153&amp;searchId=feed-9cfea2524480404dab2a508c13b1645a-view_together_ads-P8415084911&amp;vendorItemId=92119797415&amp;sourceType=SDP_ADS&amp;clickEventId=3dfec670-3ac9-11f0-bb37-3a18367a2289" title="초저산도 0.16% 밀리언버드 아버세니움 100년 파르가 엑스트라버진 올리브오일 250ml, 1개">
                        <div class="rl-item__image-wrap">
                            <img class="rl-item__image" src="//thumbnail9.coupangcdn.com/thumbnails/remote/300x300ex/image/vendor_inventory/4726/d4c6b150894b5ba72fcd1350d40ec1889fdf421ee12534e27e452784b2f3.jpg" alt="초저산도 0.16% 밀리언버드 아버세니움 100년 파르가 엑스트라버진 올리브오일 250ml, 1개" onerror="this.src='//t1a.coupangcdn.com/thumbnails/remote/300x300/image/coupang/common/no_img_1000_1000.png'">
                        </div>
                        <strong class="rl-item__title">초저산도 0.16% 밀리언버드 아버세니움 100년 파르가 엑스트라버진 올리브오일 250ml, 1개</strong>
                        <div class="clearFix">
                            <span class="rl-item__price">
                                    <em>57,750</em>원
                            </span>
                        </div>
                            <div class="rl-item__unit-price">
                                (100ml당 23,100원)
                            </div>
                    </a>
                </li>
                <li class="rl-item hps-scroll-item " data-index="22">
                    <a target="_blank" href="/vp/products/8678177990?itemId=25376759374&amp;searchId=feed-9cfea2524480404dab2a508c13b1645a-view_together_ads-P8415084911&amp;vendorItemId=92370822141&amp;sourceType=SDP_ADS&amp;clickEventId=3dfeed80-3ac9-11f0-a1c8-16ac99c9c73e" title="웰트릿 유기농 올리브퀸 스틱 엑스트라 버진 14p, 1개, 140g">
                        <div class="rl-item__image-wrap">
                            <img class="rl-item__image" src="//thumbnail9.coupangcdn.com/thumbnails/remote/300x300ex/image/rs_quotation_api/ux4yy4bt/22ec9cadc9db43cc905af3e7d09b3d79.png" alt="웰트릿 유기농 올리브퀸 스틱 엑스트라 버진 14p, 1개, 140g" onerror="this.src='//t1a.coupangcdn.com/thumbnails/remote/300x300/image/coupang/common/no_img_1000_1000.png'">
                        </div>
                        <strong class="rl-item__title">웰트릿 유기농 올리브퀸 스틱 엑스트라 버진 14p, 1개, 140g</strong>
                        <div class="clearFix">
                            <span class="rl-item__price">
                                    <em>15,500</em>원
                            </span>
                                <img class="rl-item__badge" src="https://image10.coupangcdn.com/image/badges/rocket/rocket_logo.png">
                        </div>
                            <div class="rl-item__unit-price">
                                (100g당 11,071원)
                            </div>
                            <div class="rl-item__review">
                                <span class="rl-item__review-score-bg">
                                  <span class="rl-item__review-score" style="width: 100%;">
                                    <em>100%</em>
                                  </span>
                                </span>
                                <span class="rl-item__review-count">
                                  (270)
                                </span>
                            </div>
                    </a>
                </li>
                <li class="rl-item hps-scroll-item " data-index="23">
                    <a target="_blank" href="/vp/products/26110853?itemId=101434864&amp;searchId=feed-9cfea2524480404dab2a508c13b1645a-view_together_ads-P8415084911&amp;vendorItemId=85767268983&amp;sourceType=SDP_ADS&amp;clickEventId=3dfeed80-3ac9-11f0-af8f-67f02e67e54c" title="벤테라 코라티나 유기농 엑스트라버진 올리브오일 500ml, 1개">
                        <div class="rl-item__image-wrap">
                            <img class="rl-item__image" src="//thumbnail7.coupangcdn.com/thumbnails/remote/300x300ex/image/vendor_inventory/61b5/e9d639340b38b793e7096d45ee904df4e5c09f0da8b63c7f0731e22a5624.jpg" alt="벤테라 코라티나 유기농 엑스트라버진 올리브오일 500ml, 1개" onerror="this.src='//t1a.coupangcdn.com/thumbnails/remote/300x300/image/coupang/common/no_img_1000_1000.png'">
                        </div>
                        <strong class="rl-item__title">벤테라 코라티나 유기농 엑스트라버진 올리브오일 500ml, 1개</strong>
                        <div class="clearFix">
                            <span class="rl-item__price">
                                    <em>46,850</em>원
                            </span>
                        </div>
                            <div class="rl-item__unit-price">
                                (100ml당 9,370원)
                            </div>
                            <div class="rl-item__review">
                                <span class="rl-item__review-score-bg">
                                  <span class="rl-item__review-score" style="width: 100%;">
                                    <em>100%</em>
                                  </span>
                                </span>
                                <span class="rl-item__review-count">
                                  (20)
                                </span>
                            </div>
                    </a>
                </li>
                <li class="rl-item hps-scroll-item " data-index="24">
                    <a target="_blank" href="/vp/products/8229297500?itemId=23678541268&amp;searchId=feed-9cfea2524480404dab2a508c13b1645a-view_together_ads-P8415084911&amp;vendorItemId=90633666695&amp;sourceType=SDP_ADS&amp;clickEventId=3dfeed80-3ac9-11f0-a996-9c11497444a2" title="엘릭시르 엑스트라버진 올리브오일 (에어캡포장), 2개, 500ml">
                        <div class="rl-item__image-wrap">
                            <img class="rl-item__image" src="//thumbnail6.coupangcdn.com/thumbnails/remote/300x300ex/image/vendor_inventory/dd33/30a7510b5f3d2ff5fd7e48015dbfb4c84dded0ebbd27465efa066e8ed0ab.png" alt="엘릭시르 엑스트라버진 올리브오일 (에어캡포장), 2개, 500ml" onerror="this.src='//t1a.coupangcdn.com/thumbnails/remote/300x300/image/coupang/common/no_img_1000_1000.png'">
                        </div>
                        <strong class="rl-item__title">엘릭시르 엑스트라버진 올리브오일 (에어캡포장), 2개, 500ml</strong>
                        <div class="clearFix">
                            <span class="rl-item__price">
                                    <em>133,190</em>원
                            </span>
                        </div>
                            <div class="rl-item__unit-price">
                                (100ml당 13,319원)
                            </div>
                            <div class="rl-item__review">
                                <span class="rl-item__review-score-bg">
                                  <span class="rl-item__review-score" style="width: 100%;">
                                    <em>100%</em>
                                  </span>
                                </span>
                                <span class="rl-item__review-count">
                                  (7)
                                </span>
                            </div>
                    </a>
                </li>
                <li class="rl-item hps-scroll-item " data-index="25">
                    <a target="_blank" href="/vp/products/7475805666?itemId=18405504916&amp;searchId=feed-9cfea2524480404dab2a508c13b1645a-view_together_ads-P8415084911&amp;vendorItemId=91554656512&amp;sourceType=SDP_ADS&amp;clickEventId=3dfeed80-3ac9-11f0-b8cb-008d195ceb4f" title="베티스 엑스트라버진 올리브오일, 750ml, 1개">
                        <div class="rl-item__image-wrap">
                            <img class="rl-item__image" src="//thumbnail10.coupangcdn.com/thumbnails/remote/300x300ex/image/vendor_inventory/b308/d4362794c537a5ce2987ac9f8acd371b39e3b0ce277cd646cf71c4e4cc63.png" alt="베티스 엑스트라버진 올리브오일, 750ml, 1개" onerror="this.src='//t1a.coupangcdn.com/thumbnails/remote/300x300/image/coupang/common/no_img_1000_1000.png'">
                        </div>
                        <strong class="rl-item__title">베티스 엑스트라버진 올리브오일, 750ml, 1개</strong>
                        <div class="clearFix">
                            <span class="rl-item__price">
                                    <em>23,900</em>원
                            </span>
                                <img class="rl-item__badge" src="https://image7.coupangcdn.com/image/coupang/rds/logo/iphone_2x/logoRocketMerchantLargeV3R3@2x.png">
                        </div>
                            <div class="rl-item__unit-price">
                                (100ml당 3,187원)
                            </div>
                            <div class="rl-item__review">
                                <span class="rl-item__review-score-bg">
                                  <span class="rl-item__review-score" style="width: 100%;">
                                    <em>100%</em>
                                  </span>
                                </span>
                                <span class="rl-item__review-count">
                                  (337)
                                </span>
                            </div>
                    </a>
                </li>
                <li class="rl-item hps-scroll-item " data-index="26">
                    <a target="_blank" href="/vp/products/8717553246?itemId=25425252680&amp;searchId=feed-9cfea2524480404dab2a508c13b1645a-view_together_ads-P8415084911&amp;vendorItemId=92418350129&amp;sourceType=SDP_ADS&amp;clickEventId=3dfeed80-3ac9-11f0-8ab4-a32f4b9a809c" title="올바인 유기농 엑스트라버진 올리브오일 스틱 14p, 1개, 140g">
                        <div class="rl-item__image-wrap">
                            <img class="rl-item__image" src="//thumbnail8.coupangcdn.com/thumbnails/remote/300x300ex/image/retail/images/2025/04/30/17/2/078748f2-afeb-4730-8a16-6ed0f0b9826e.jpg" alt="올바인 유기농 엑스트라버진 올리브오일 스틱 14p, 1개, 140g" onerror="this.src='//t1a.coupangcdn.com/thumbnails/remote/300x300/image/coupang/common/no_img_1000_1000.png'">
                        </div>
                        <strong class="rl-item__title">올바인 유기농 엑스트라버진 올리브오일 스틱 14p, 1개, 140g</strong>
                        <div class="clearFix">
                            <span class="rl-item__price">
                                    <em>16,900</em>원
                            </span>
                                <img class="rl-item__badge" src="https://image10.coupangcdn.com/image/badges/rocket/rocket_logo.png">
                        </div>
                            <div class="rl-item__unit-price">
                                (100g당 12,071원)
                            </div>


                              <div class="cls_product-item-coupon-nudge">
                                  <span class="cls_product-item-coupon-nudge-icon">
                                    <i>1%</i>
                                  </span>
                                  <span class="cls_product-item-coupon-nudge-desc">와우 가입 쿠폰</span>
                              </div>
                            <div class="rl-item__review">
                                <span class="rl-item__review-score-bg">
                                  <span class="rl-item__review-score" style="width: 100%;">
                                    <em>100%</em>
                                  </span>
                                </span>
                                <span class="rl-item__review-count">
                                  (81)
                                </span>
                            </div>
                    </a>
                </li>
                <li class="rl-item hps-scroll-item " data-index="27">
                    <a target="_blank" href="/vp/products/8621090720?itemId=25011585556&amp;searchId=feed-9cfea2524480404dab2a508c13b1645a-view_together_ads-P8415084911&amp;vendorItemId=92016522088&amp;sourceType=SDP_ADS&amp;clickEventId=3dfeed80-3ac9-11f0-b348-ef168cd4ff62" title="마지시모 올리브오일 올리브유 생식용 샐러드용, 1개">
                        <div class="rl-item__image-wrap">
                            <img class="rl-item__image" src="//thumbnail10.coupangcdn.com/thumbnails/remote/300x300ex/image/vendor_inventory/c588/c4d2c3bfce59bd7d0aed71ca983aa69b693ba0c87252fa2870576f3cb31e.png" alt="마지시모 올리브오일 올리브유 생식용 샐러드용, 1개" onerror="this.src='//t1a.coupangcdn.com/thumbnails/remote/300x300/image/coupang/common/no_img_1000_1000.png'">
                        </div>
                        <strong class="rl-item__title">마지시모 올리브오일 올리브유 생식용 샐러드용, 1개</strong>
                        <div class="clearFix">
                            <span class="rl-item__price">
                                    <em>36,900</em>원
                            </span>
                        </div>
                            <div class="rl-item__unit-price">
                                (1세트당 36,900원)
                            </div>
                            <div class="rl-item__review">
                                <span class="rl-item__review-score-bg">
                                  <span class="rl-item__review-score" style="width: 100%;">
                                    <em>100%</em>
                                  </span>
                                </span>
                                <span class="rl-item__review-count">
                                  (5)
                                </span>
                            </div>
                    </a>
                </li>
                <li class="rl-item hps-scroll-item rl-last-item" data-index="28">
                    <a target="_blank" href="/vp/products/7949586289?itemId=21934118770&amp;searchId=feed-9cfea2524480404dab2a508c13b1645a-view_together_ads-P8415084911&amp;vendorItemId=89233402473&amp;sourceType=SDP_ADS&amp;clickEventId=3dff1490-3ac9-11f0-9675-a3f6ea2ce536" title="올리메가 엑스트라버진 카멜리나 오일 피토스테롤, 1개, 250ml">
                        <div class="rl-item__image-wrap">
                            <img class="rl-item__image" src="//thumbnail9.coupangcdn.com/thumbnails/remote/300x300ex/image/vendor_inventory/ac4d/a9746bcb482edd1ec5a5ab1e0100c94e24f063eb39a524b6626a60fa5c9e.jpg" alt="올리메가 엑스트라버진 카멜리나 오일 피토스테롤, 1개, 250ml" onerror="this.src='//t1a.coupangcdn.com/thumbnails/remote/300x300/image/coupang/common/no_img_1000_1000.png'">
                        </div>
                        <strong class="rl-item__title">올리메가 엑스트라버진 카멜리나 오일 피토스테롤, 1개, 250ml</strong>
                        <div class="clearFix">
                            <span class="rl-item__price">
                                    <em>25,200</em>원
                            </span>
                        </div>
                            <div class="rl-item__unit-price">
                                (100ml당 10,080원)
                            </div>
                            <div class="rl-item__review">
                                <span class="rl-item__review-score-bg">
                                  <span class="rl-item__review-score" style="width: 80%;">
                                    <em>80%</em>
                                  </span>
                                </span>
                                <span class="rl-item__review-count">
                                  (20)
                                </span>
                            </div>
                    </a>
                </li>
        </ul>
    </div>
</div></td>
            </tr>
        </table>
    </div>
    <div class="hps-pagination-buttons">
        <div class="hps-pagination-buttons__prev" style="cursor: inherit; opacity: 0; display: none;"></div>
        <div class="hps-pagination-buttons__next" style="cursor: pointer; opacity: 1; display: block;"></div>
    </div>
</div></div>
</div></div>












<div id="categoryBest" class="invalid-category-best" style="display:none"></div>
<div class="border-overlap"></div>

<div id="sdpAds" class="sdp-ads impression-log" data-impression-event-name="sdp-ads" style="display: none;"></div>

<div id="promotionCarousel" style="margin-top: 40px" data-omp-sdp-widget-more-items="" class="full-width"><div id="feed-528c97d17d964c98b5ce1abbb74d9eed-gw_promotion" class="gw_promotion carousel-widget-container  "><div class="promotion-decker-carousel">
    <div class="promotion-carousel-header">
        <div class="promotion-title">
            오늘의
            <span class="orange">판매자 특가</span>
        </div>

        <div class="promotion-carousel-page-counter">
            <em>1</em>
            <span>/4</span>
        </div>
    </div>
    <div class="promotion-carousel-body">
        <div class="promotion-carousel-scroller-wrap">
            <div class="carousel-scroller">
                <ul class="carousel-list promotion-carousel-list">
                <li class="promotion-carousel-item" data-item-index="0"><div class="even"><a href="/vp/products/8373155564?vendorItemId=91641519008&amp;sourceType=sdp_bottom_promotion&amp;searchId=feed-528c97d17d964c98b5ce1abbb74d9eed-gw_promotion" data-vendor-item-id="91641519008" data-vendor-id="A00520181" data-product-id="8373155564" data-item-id="24608142517" data-tracking-tag="" data-impression-log-uri="https://mercury.coupang.com/e.gif?t=101&amp;r=1JPqRyef0KUsCrc21K3JvjeDC333rTV4xAvQcQtXyJr4lab4NoauGUwNsUjK4ty6dP-Y5WKYfdBQ6mIM43SLgl10slsQDfxiGqqjdDn5qoUgdguqw3QBloZ2WJQGFsenOLYIYZR9ZmT3Gcuq0Pld92epMy_IWRIrJHEgUkrui4GNz5pr_32pxBALdHYIHDUcf0KhvTem-LGsvqzOpyrwuM_ry7pKywEqYZCObumlLplPPAUih-3YVxof7LkjQ1l6_HZWVvBV55Q1u8QiwOnumgdPsOi0_I4ajYrJM69KeumoIqu8PD1F8cY%3D" data-click-log-uri="https://mercury.coupang.com/e.gif?t=100&amp;r=sqcPTIGv-kjPH1ICsr9pZWJy_deVc-VByhZTj6fXi7GXqiObeOQpRog4qq1WgSNw84Bm4-gqRX8EE_xrSHlZO_xg-TSGRcXUv-VfwIm6Ku70tcVLxhc-LIeBohIrKkRQcs5AJRGMxv4gWxj9XhBXQT2lqv7__8zASGWoCb1K1hSwRDlh3RLhK2-SMxPww01fKltZcHM212WihUaRftuvh6Ym_QzWJj3LfTk8KR2h-5qU_u0mr5XBXDe4KoBEDmQ54B1kZz1GccK1-ZOIEyZ6HSlebnbh71AslJUyY3Mb_WrsnbGe" data-index="0" data-click-logging="{&quot;productId&quot;:8373155564,&quot;vendorItemId&quot;:91641519008,&quot;itemId&quot;:24608142517,&quot;feedId&quot;:&quot;feed-528c97d17d964c98b5ce1abbb74d9eed-gw_promotion&quot;,&quot;trAid&quot;:&quot;sdp_bottom_promotion&quot;,&quot;pageName&quot;:&quot;recommendation&quot;,&quot;domain&quot;:&quot;sdp&quot;,&quot;eventName&quot;:&quot;sdp_bottom_promotion&quot;,&quot;sourceType&quot;:&quot;sdp_bottom_promotion&quot;,&quot;isSeeMore&quot;:false}" data-adsplatform="{&quot;viewImpression&quot;: &quot;https://mercury.coupang.com/e.gif?t=102&amp;r=V0GlshfzkA4XxJryV5-oeE8M1vQij6wPJJv3lBqGWRFT_PlaeD_LWzFFQaffeaBETWzTvGItaO03VGrtnd9uLqXb3H8T1SmZYZc9xiYYOT07a0JRHftp1GIhq2uzmK6b0ydxJOfHJJaKTJTulOA9ROTaravdL8eKBYZ9Ze9r_BhNp53ixPhMiKNbjQ4gt0nBJqCLXLzZJYjLCREptTYKcYSNeQOtWVTMGNkLb_xyWmli_0226sWCMN6GkA1C2wBCYDQ-44U-l0X8b3gmA4xEWzX0w7p-m9yPGsJIhxu8_5ypVTI%3D&quot; }">
    <div class="promotion-item-image">
        <img src="https://thumbnail6.coupangcdn.com/thumbnails/remote/292x292q65ex/image/vendor_inventory/a34a/afc2d66adf6f41a2933c1780a1f8e9910a3808879390693da9cfbe90f1d8.png" onerror="this.src='//t1a.coupangcdn.com/thumbnails/remote/300x300/image/coupang/common/no_img_1000_1000.png'">
    </div>

    <div class="promotion-badge">
        특가진행중
    </div>


    <div class="promotion-item-info-wrap">

        <div class="item-title-revamp">일 러스티코 이탈리아 100% 냉압착 엑스트라버진 올리브오일, 1개, 1L</div>

            <div class="discount-contain">
                <span class="discount-text">와우할인가</span>
                <span class="discount-rate">19%</span>
                <span class="origin-price">37,000</span>
            </div>

        <div class="promotion-item-price-contain">
            <span class="sales-price">29,610</span><span class="sales-price">원</span>
                <img class="rod-badge" src="https://image6.coupangcdn.com/image/mypromotion/icons/new_xpc_rod.png">
        </div>

            <div class="unit-price">
                (100ml 2,961원)
            </div>

            <div class="pdd-text rg">
                내일(수) 도착 보장
            </div>

            <div class="delivery-text">
                무료배송∙오늘출발
            </div>




            <div class="promotion-item-review-revamp">
                <span class="split-bg item-review-score-bg">
                  <span class="item-review-score split-bg" style="width:100%;">100%</span>
                </span>

                <span class="promotion-item-review-count">(252)</span>
            </div>

            <div class="stock_percent_contain">
                <div class="progress_contain">
                    <div class="progress_position" style="width:44%"></div>
                </div>
                <div class="progress_text">44 % 남음</div>
            </div>

    </div>
</a>
</div></li><li class="promotion-carousel-item" data-item-index="1"><div class="odd"><a href="/vp/products/7028619277?vendorItemId=88848563982&amp;sourceType=sdp_bottom_promotion&amp;searchId=feed-528c97d17d964c98b5ce1abbb74d9eed-gw_promotion" data-vendor-item-id="88848563982" data-vendor-id="A00062887" data-product-id="7028619277" data-item-id="21799974505" data-tracking-tag="" data-impression-log-uri="https://mercury.coupang.com/e.gif?t=101&amp;r=-9ep4jOX1hstmk2M-x_ZFanCOLM4ci-M8oSfNCimyYrV2MBUVypKf2c2jO3G7WCIGicqlzDrLCjJ9Jk2YkaXGjIpOTYt5NjRUrYbJkuNwPbOjrsfYtHdkv6BWUaUQY5yAtMOF48OjL1NNRrtmAH3dcJ2WwNYlMfwNG8RUADAq8xSQ79eLl7ercAAgdA7cB62q3sL2qeSYCVeuMoLkbU8sP_BZ8sZAbe9dqHeIixYh4Oph1u9AfWEX_WBnWjEwfLG4y6_2ZhqxIQm6s8PRCPToozpg3jrgP0N_IA5dNyyS82lAOSuGsv5dK0OYA%3D%3D" data-click-log-uri="https://mercury.coupang.com/e.gif?t=100&amp;r=P_DHnTBB49z63GHoPznf6Ixsvo9sQnuMPBi_fFiW9DyE5vYeEsTzJ4XqGkYZPizB3j3fJsgmXZC001iFMSfGXBNK6Hiu4rxs3dsX5jb3vAYlpbOviHXTCJCY4brrJJnkA6yS3eSYXusAuwJj_VMZv6KyGb-3Zxm7cTKrUMvMNPwGqnH5lWhVwMeYILTTZ3Cli4rHckAFpPAQvI-QDXTTixomqXO-vbOXWI5hE7kbJHWVoxyg6D41-cBQrZUAgrEEhcmlcdKFxHUOhM3CCtJ0mRR2RoCTshABdGALu-soN-L3LGhyy3w%3D" data-index="1" data-click-logging="{&quot;productId&quot;:7028619277,&quot;vendorItemId&quot;:88848563982,&quot;itemId&quot;:21799974505,&quot;feedId&quot;:&quot;feed-528c97d17d964c98b5ce1abbb74d9eed-gw_promotion&quot;,&quot;trAid&quot;:&quot;sdp_bottom_promotion&quot;,&quot;pageName&quot;:&quot;recommendation&quot;,&quot;domain&quot;:&quot;sdp&quot;,&quot;eventName&quot;:&quot;sdp_bottom_promotion&quot;,&quot;sourceType&quot;:&quot;sdp_bottom_promotion&quot;,&quot;isSeeMore&quot;:false}" data-adsplatform="{&quot;viewImpression&quot;: &quot;https://mercury.coupang.com/e.gif?t=102&amp;r=1p1azx0cR0rJ9DcF1tI5uml-gUWDL0lOHKd5dk0MNW2uAZFXsx3FD9b_ewkNVdAo7V89TtIW3M5UmYoBRX2fO8drSKU41JfhnwTeau9iMZssdn63posukzF61bPurCzd9o-qChWj1LiBMnaCnsL3WMwKtEo9kcBA5VVd7uYRq3lJhJ61UImWZdpvLkhC0F068uWzT1OCeaiJhmWEMIw2OgSHYpSuqvXjJhScwLaJcntEvCj4l55Q4olhuOtbhRiOdLELyZCvvqgGU49hs-FkOwsH_CbF6LpJ4lvvymwPfOcD9CnmlQ%3D%3D&quot; }">
    <div class="promotion-item-image">
        <img src="https://thumbnail6.coupangcdn.com/thumbnails/remote/292x292q65ex/image/vendor_inventory/98b6/de2682567842b99372dc9e1ca3a51a0e01642dc7257fa8e052ab67a75797.jpg" onerror="this.src='//t1a.coupangcdn.com/thumbnails/remote/300x300/image/coupang/common/no_img_1000_1000.png'">
    </div>

    <div class="promotion-badge">
        특가진행중
    </div>


    <div class="promotion-item-info-wrap">

        <div class="item-title-revamp">아임 최상급 HASS품종 100% 엑스트라버진 아보카도오일, 8개, 250ml</div>

            <div class="discount-contain">
                <span class="discount-text">와우할인가</span>
                <span class="discount-rate">59%</span>
                <span class="origin-price">150,000</span>
            </div>

        <div class="promotion-item-price-contain">
            <span class="sales-price">60,430</span><span class="sales-price">원</span>
        </div>

            <div class="unit-price">
                (100ml 3,022원)
            </div>

            <div class="pdd-text">
                모레(목) 도착 예정
            </div>

            <div class="delivery-text">
                무료배송
            </div>




            <div class="promotion-item-review-revamp">
                <span class="split-bg item-review-score-bg">
                  <span class="item-review-score split-bg" style="width:100%;">100%</span>
                </span>

                <span class="promotion-item-review-count">(5,241)</span>
            </div>

            <div class="stock_percent_contain">
                <div class="progress_contain">
                    <div class="progress_position" style="width:98%"></div>
                </div>
                <div class="progress_text">98 % 남음</div>
            </div>

    </div>
</a>
</div></li><li class="promotion-carousel-item" data-item-index="2"><div class="even"><a href="/vp/products/232602541?vendorItemId=73332543062&amp;sourceType=sdp_bottom_promotion&amp;searchId=feed-528c97d17d964c98b5ce1abbb74d9eed-gw_promotion" data-vendor-item-id="73332543062" data-vendor-id="A00178202" data-product-id="232602541" data-item-id="6035052490" data-tracking-tag="" data-impression-log-uri="https://mercury.coupang.com/e.gif?t=101&amp;r=D5CuHkqi3pEiPCbpD2RgIUVX5Leup10HlT_7oK1WEtZuzOwZPPgH2p61s4UsYz5Nh5qigd1I64-bEWpgcNij8hHrG5f4fe3Ml7sWR7nlvCn_lYZuvLQqmT1tQRH2xwHy1CI7SpjplZ8jy3yMTwoR88Bj8Ea2S8lnc17T7lvySxQcx4CyMAOuWVZKDzfkn2OwwYb0mAbiNbnHomPwV8Fe0echNgfGZotCXPAV_ZYkHAiPXgbEco5Me8IJ1KPV33nGe532bFjThVNFPLT2ukW9nBFxrEmF-enfHZ2pPQi_8Vgd5w-ubqxD3VJs" data-click-log-uri="https://mercury.coupang.com/e.gif?t=100&amp;r=IgQk7P0TuPnPqzBEIrF2sX7Uwpsxewz6U24KuqlBfWpH4VkCLD4hENDawYAocM5icSBeBa0Hgz04gO_7IQOTkeWn3wiWIYwIBVn3LdO2mB0mwNltDbz-1IK_zn_rjm5d8TO46piy9aRjeq1iNMMEnyjfGznU9lW_E8WpksjXn8e-OzkQBvK2gX5xaF18-Pt6cUERK_nU8HQZdKwb3RjZJdTnVi_E5LltvqHQ4EREfMp1jDhwRPsEAE5gh7B6HTadr9hpdKUrjdpGsl10xCZ5LcI9SVLZOwgISj_1zfqMthLGr2tPAQ%3D%3D" data-index="2" data-click-logging="{&quot;productId&quot;:232602541,&quot;vendorItemId&quot;:73332543062,&quot;itemId&quot;:6035052490,&quot;feedId&quot;:&quot;feed-528c97d17d964c98b5ce1abbb74d9eed-gw_promotion&quot;,&quot;trAid&quot;:&quot;sdp_bottom_promotion&quot;,&quot;pageName&quot;:&quot;recommendation&quot;,&quot;domain&quot;:&quot;sdp&quot;,&quot;eventName&quot;:&quot;sdp_bottom_promotion&quot;,&quot;sourceType&quot;:&quot;sdp_bottom_promotion&quot;,&quot;isSeeMore&quot;:false}" data-adsplatform="{&quot;viewImpression&quot;: &quot;https://mercury.coupang.com/e.gif?t=102&amp;r=ubcmEMs-w8O6sw3-ueExnpRBLbdvcprlz_vZTTlTx4NFvfa_KrgE81CRfjlbHv9oUyA14R4rOPN6R4pLLXBvP4GjeZ8CcbnwQhC9A2oHG_stx7nyCO0C38rCbnqm5iC2Mjdjbauu4x2B2dzLD8-OptpRVPANOIPeMknkChyyhX4vtag6KWj_XrvDrk3V4BFWqx3WEUshgoAgt_3uGPBSyckOv-cn_TgV1FFBcOn4iryKVujmywylZc-0hQnaJmSaMFLIhX8Q3iOUHrURyxRr_lm0E0ojNWN93x_nDViodOgkb7Mj&quot; }">
    <div class="promotion-item-image">
        <img src="https://thumbnail6.coupangcdn.com/thumbnails/remote/292x292q65ex/image/vendor_inventory/f36b/0bd3ee8aec77927eee6fd842140873c5a6e08e3a83d6edcfd41d2aa4cf34.jpg" onerror="this.src='//t1a.coupangcdn.com/thumbnails/remote/300x300/image/coupang/common/no_img_1000_1000.png'">
    </div>

    <div class="promotion-badge">
        특가진행중
    </div>


    <div class="promotion-item-info-wrap">

        <div class="item-title-revamp">100% PURE 프리미엄 리지 현미유 10병 +1병 보틀커버 세트 500ml, 11개</div>

            <div class="discount-contain">
                <span class="discount-text">와우할인가</span>
                <span class="discount-rate">13%</span>
                <span class="origin-price">75,000</span>
            </div>

        <div class="promotion-item-price-contain">
            <span class="sales-price">64,880</span><span class="sales-price">원</span>
        </div>

            <div class="unit-price">
                (100ml 1,180원)
            </div>

            <div class="pdd-text">
                5/30(금) 도착 예정
            </div>

            <div class="delivery-text">
                무료배송
            </div>




            <div class="promotion-item-review-revamp">
                <span class="split-bg item-review-score-bg">
                  <span class="item-review-score split-bg" style="width:100%;">100%</span>
                </span>

                <span class="promotion-item-review-count">(24,481)</span>
            </div>

            <div class="stock_percent_contain">
                <div class="progress_contain">
                    <div class="progress_position" style="width:81%"></div>
                </div>
                <div class="progress_text">81 % 남음</div>
            </div>

    </div>
</a>
</div></li><li class="promotion-carousel-item" data-item-index="3"><div class="odd"><a href="/vp/products/1142135913?vendorItemId=89336727067&amp;sourceType=sdp_bottom_promotion&amp;searchId=feed-528c97d17d964c98b5ce1abbb74d9eed-gw_promotion" data-vendor-item-id="89336727067" data-vendor-id="A00179029" data-product-id="1142135913" data-item-id="23948260206" data-tracking-tag="" data-impression-log-uri="https://mercury.coupang.com/e.gif?t=101&amp;r=AF6-drV8kaaB22jmAAJ9tKbpOSDWZ0Vtd--oWM-ld0Ko3D3JrzOkjwbvi73IFtjur1mj8IDeci6xu-7ZgneLMJ4NZOFguDDRGKUYCUpLxcAZXykwx1j5ipjQAj0CllOfcH6TU5or-G_2c1d3L8D2iOBDs7lhlKLEBRQQYFItmFUJIpRSEW8PoLqBObHn3HnMdFC7nMKHghiS_BCdjTL_sHcZk53_WuEptd1UyCcsmJiqUCk5e-PmySCUJCLll98gfhI7Hq7qKYoaY6dS3vFw121YcSfeEkeotCdQ-PQqRrc5beCDJlh79ZdeNQ%3D%3D" data-click-log-uri="https://mercury.coupang.com/e.gif?t=100&amp;r=7ms-s7N9QAQXj-o37ujSf78GjAAyM1Y7eqRspdT6ALt22W3KUOOXebLFylk6rle35KfqI3x1mgKLF6chQ3eKxL-Cwm3AyrTAn5R95RJU1vvjvWlyAWnp3WA4qhzT7wQafWDnTrs-C-aURzdzTEAqe7lJRKwMQxqy0jjvWeWr7ywi3m5srhJA8qN7pLQBIPyQpOAcjQxa2yN4-ZgJaf-YlrrKcGgWuScXXOpEe_pxzzMiCIRlS-XDDoGrJdzFx8aa6J9i3O9ArmH5IGY4SqPS8vR94V65bsdJsDDwDKTAbC8IhBQ3dVc%3D" data-index="3" data-click-logging="{&quot;productId&quot;:1142135913,&quot;vendorItemId&quot;:89336727067,&quot;itemId&quot;:23948260206,&quot;feedId&quot;:&quot;feed-528c97d17d964c98b5ce1abbb74d9eed-gw_promotion&quot;,&quot;trAid&quot;:&quot;sdp_bottom_promotion&quot;,&quot;pageName&quot;:&quot;recommendation&quot;,&quot;domain&quot;:&quot;sdp&quot;,&quot;eventName&quot;:&quot;sdp_bottom_promotion&quot;,&quot;sourceType&quot;:&quot;sdp_bottom_promotion&quot;,&quot;isSeeMore&quot;:false}" data-adsplatform="{&quot;viewImpression&quot;: &quot;https://mercury.coupang.com/e.gif?t=102&amp;r=6zNlP5_sn_iFjS1g69PA4T2RFhxns8gSelC3xJ_PkRQTD-I39oeq8RGYHW5RD0hsVUwut5duSNU_NyBZtmuzsWJPNXQVDRCov2Gvv5qnfzEq1BZ2ynDWrcI1dCEX4E2NiNBIvo2DgY62o5_1EN6xK1iVQHz583-4MsGQV51PgQeB-G03mkFFwOh4Vt5DMaSO-PvFnQSTfItOZ1Y8X1Njaf1xOlQmjoi4fv9WT70EQT-J17fvVYoemtPT4GWmIBTVtVnvDNiQjlkYzi4jWIo3hDjMf3iV-T6mvJxOWmkb4sAVXRK4-w%3D%3D&quot; }">
    <div class="promotion-item-image">
        <img src="https://thumbnail6.coupangcdn.com/thumbnails/remote/292x292q65ex/image/vendor_inventory/debd/a62e8fe23a1d6dca2ecddda2c3dd29744030cab34a5d51782013b3012e35.jpg" onerror="this.src='//t1a.coupangcdn.com/thumbnails/remote/300x300/image/coupang/common/no_img_1000_1000.png'">
    </div>

    <div class="promotion-badge">
        특가진행중
    </div>


    <div class="promotion-item-info-wrap">

        <div class="item-title-revamp">오로op 엑스트라버진 올리브오일, 1개, 750ml</div>

            <div class="discount-contain">
                <span class="discount-text">와우할인가</span>
                <span class="discount-rate">37%</span>
                <span class="origin-price">145,000</span>
            </div>

        <div class="promotion-item-price-contain">
            <span class="sales-price">90,250</span><span class="sales-price">원</span>
                <img class="rod-badge" src="https://image6.coupangcdn.com/image/mypromotion/icons/new_xpc_rod.png">
        </div>

            <div class="unit-price">
                (100ml 12,033원)
            </div>

            <div class="pdd-text rg">
                내일(수) 도착 보장
            </div>

            <div class="delivery-text">
                무료배송∙오늘출발
            </div>




            <div class="promotion-item-review-revamp">
                <span class="split-bg item-review-score-bg">
                  <span class="item-review-score split-bg" style="width:100%;">100%</span>
                </span>

                <span class="promotion-item-review-count">(168)</span>
            </div>

            <div class="stock_percent_contain">
                <div class="progress_contain">
                    <div class="progress_position" style="width:99%"></div>
                </div>
                <div class="progress_text">99 % 남음</div>
            </div>

    </div>
</a>
</div></li><li class="promotion-carousel-item" data-item-index="4"><div class="even"><a href="/vp/products/4711006213?vendorItemId=73242203424&amp;sourceType=sdp_bottom_promotion&amp;searchId=feed-528c97d17d964c98b5ce1abbb74d9eed-gw_promotion" data-vendor-item-id="73242203424" data-vendor-id="A00159466" data-product-id="4711006213" data-item-id="25373913167" data-tracking-tag="" data-impression-log-uri="https://mercury.coupang.com/e.gif?t=101&amp;r=WM3-VUfZ4BuXoKjMWBqhLiXScTpo8atvCViRxAqp5so2YTG6WQA6cb8U0L8WpmRA4qR1ysoYBOo1RGfevAmapjqwvDkllUHo6shcJuiXEUG1QukKiQrlQpkJrWNKwChuLdXQoRldWahdELbc5hzQ5fQF-N8CNK1xHKoiQSFVp6sBOdhEgAfXSGt8RzeY03bLw-6XTcnH_PzXXV7i-GpZDdWbDJO6VPwyW4mG4dRxMYYwxl4RIZkLf2CmfkgZgK4ijgC1sqI8U3ewvtzZ-v9hfk_yz3r-8K8xle5XYwMoAXXjZyYtlnvn8isAzQ%3D%3D" data-click-log-uri="https://mercury.coupang.com/e.gif?t=100&amp;r=f_1VIjvtGN7c5GIbf80jZ0oZNpj3hlK3eWqlD4LljfPcyQXpTPgGi_M0_NPo_5Qrb0KaATKJMt8-WnjNoYuesykGItKPwwUn3KWL2KSdXEdiY_Sc0Nh6ITpwhDMApb-K-BX4w8tfzukGC51AytrbZfCOaSE4sSXCRnNRDRRtne3gK7GrHH0a95f4w3aWkRXWNoGNH1L7pm0WIZafHTlJGD_uxUn7Kjgd2yEVdGOM8uCpfOWH8_joKUakvQ6LSxsVk3hR_Yna94_l9DlunnPwLK1xZAilSfRKfiyz_zFNMLn95tQ8qqc%3D" data-index="4" data-click-logging="{&quot;productId&quot;:4711006213,&quot;vendorItemId&quot;:73242203424,&quot;itemId&quot;:25373913167,&quot;feedId&quot;:&quot;feed-528c97d17d964c98b5ce1abbb74d9eed-gw_promotion&quot;,&quot;trAid&quot;:&quot;sdp_bottom_promotion&quot;,&quot;pageName&quot;:&quot;recommendation&quot;,&quot;domain&quot;:&quot;sdp&quot;,&quot;eventName&quot;:&quot;sdp_bottom_promotion&quot;,&quot;sourceType&quot;:&quot;sdp_bottom_promotion&quot;,&quot;isSeeMore&quot;:false}" data-adsplatform="{&quot;viewImpression&quot;: &quot;https://mercury.coupang.com/e.gif?t=102&amp;r=zqTufqy5Sfw7Y1G0zgWvtdczEUzxMcmmkrfEEVMGz8UfWUebIDupdKMZtOtQu3566RCJCpzgWz-Jjqvm4mL1Dd8sIELEy6ryVrzd7veIXdFRByIsLMwbWXES-6BerrRU8bz4sQCssvnWYdXtdL3Q2k_QDj0CB-CPleZLor1PnTLoSMYxovP0y8w_jkH0YxGKe-1WNJreAxdyxNWA3wo-mZtGrie3RECQRcNDXfvSZkfPByXbWxaRzZIgSMj8Vx4-Ea5gQM25tTvtS-oGlxw4soisTyNEu_B2LIjpoLr16qloVpmyug%3D%3D&quot; }">
    <div class="promotion-item-image">
        <img src="https://thumbnail6.coupangcdn.com/thumbnails/remote/292x292q65ex/image/vendor_inventory/6c74/07def5b418287ab668784767179acab9ff479852431ca41ef3a0dfaa972b.jpg" onerror="this.src='//t1a.coupangcdn.com/thumbnails/remote/300x300/image/coupang/common/no_img_1000_1000.png'">
    </div>

    <div class="promotion-badge">
        특가진행중
    </div>


    <div class="promotion-item-info-wrap">

        <div class="item-title-revamp">청정식품 매운 고추기름 고추 향미유 2종, 1개, 160ml</div>

            <div class="discount-contain">
                <span class="discount-text">와우할인가</span>
                <span class="discount-rate">14%</span>
                <span class="origin-price">5,400</span>
            </div>

        <div class="promotion-item-price-contain">
            <span class="sales-price">4,630</span><span class="sales-price">원</span>
        </div>

            <div class="unit-price">
                (100ml 2,894원)
            </div>

            <div class="pdd-text">
                모레(목) 도착 예정
            </div>

            <div class="delivery-text">
                무료배송
            </div>




            <div class="promotion-item-review-revamp">
                <span class="split-bg item-review-score-bg">
                  <span class="item-review-score split-bg" style="width:90%;">90%</span>
                </span>

                <span class="promotion-item-review-count">(26)</span>
            </div>

            <div class="stock_percent_contain">
                <div class="progress_contain">
                    <div class="progress_position" style="width:99%"></div>
                </div>
                <div class="progress_text">99 % 남음</div>
            </div>

    </div>
</a>
</div></li><li class="promotion-carousel-item" data-item-index="5"><div class="odd"><a href="/vp/products/6426646441?vendorItemId=90919438377&amp;sourceType=sdp_bottom_promotion&amp;searchId=feed-528c97d17d964c98b5ce1abbb74d9eed-gw_promotion" data-vendor-item-id="90919438377" data-vendor-id="C01198051" data-product-id="6426646441" data-item-id="23896817686" data-tracking-tag="" data-impression-log-uri="https://mercury.coupang.com/e.gif?t=101&amp;r=GoynsveKKYlS4w72GtFtO6p6DUCx-bYigZVdNd5yjBZempgEjV9PCkknfwRFQPZmt9z6xBPSE4AVLwucF8MaKX62Eh6yoY9kEnQ8k5TFKP1C9eAt4J7dWFdPxsB6z6vF_7hzp3-fNaJYYMBYzcp8FrXNa6SXQqp7De_ZUVo3aAstSsRzJHxwNnmFvg-oDQd7S1jxySpJItUBa0ls2aXK4EGm1meFS1LP72Z9Hh4wnjh17zskB0IsVpQqkWUmkLwSjE0zjTt2G7fIPMpDmLbjR6uip4w9zTTtS5-KWtDUUOfnJ1BuhEkkKLR5sg%3D%3D" data-click-log-uri="https://mercury.coupang.com/e.gif?t=100&amp;r=zcMHvtWzqFt7-BbzzUIlI9_-1PaErwTpCQvCwRIo9eylcYt-vK7P2e24JSU7B7To6URLTWWEm_83lr9hT79yKCDqxyDRIgJHex9A16ztSX8EAhHtDN-2eOK9c8fZui3qpQJY5hs4OfbiEoALImROBI19BLXXRT3T3I80pPfqYvW2jv_GBkEMGiNEe4hJuzDwiyBaZTu5xIzCigw5du1hX5Lv2DpcOHei4rBrf5fsPAUL6k22FEALqNb6TK1Qtrj3wJeAD2EShhWmxbWS3a_doKVnjCviOddsQcnM9qF2vQHXIrzWgNc%3D" data-index="5" data-click-logging="{&quot;productId&quot;:6426646441,&quot;vendorItemId&quot;:90919438377,&quot;itemId&quot;:23896817686,&quot;feedId&quot;:&quot;feed-528c97d17d964c98b5ce1abbb74d9eed-gw_promotion&quot;,&quot;trAid&quot;:&quot;sdp_bottom_promotion&quot;,&quot;pageName&quot;:&quot;recommendation&quot;,&quot;domain&quot;:&quot;sdp&quot;,&quot;eventName&quot;:&quot;sdp_bottom_promotion&quot;,&quot;sourceType&quot;:&quot;sdp_bottom_promotion&quot;,&quot;isSeeMore&quot;:false}" data-adsplatform="{&quot;viewImpression&quot;: &quot;https://mercury.coupang.com/e.gif?t=102&amp;r=sl7buuUORf0VMyXIsp_f8kpPCmCdpJa3GuwQTHgD0ZH7ysmPlLYStCTekVMIsEf-oek8id9mCTzgaHt9k9ZHOP0u1afKLdUCpUEUi5KXWIFfRXuuUQ_OvhlNQMXtH9-LxfvdYRJpDyCYeZfgVw5itZ2kr1YhgdkvHqN082GcCbGLjnwXQP83XgDRK8-1UPVu9OTn161QjmH3Wr_XLnpV49vwjELmG76SHT367duHG_40Luf5fhQYe80Pzmpnynw0KyFRA4uE7vlo97L-9SfBpYYV-CfLndKhSZwleGuNdKZskLzo5g%3D%3D&quot; }">
    <div class="promotion-item-image">
        <img src="https://thumbnail6.coupangcdn.com/thumbnails/remote/292x292q65ex/image/vendor_inventory/7fbd/e9cd3fbcfa2fc6c169e55f28cb998b3676b62a6283a44f494bc1deab2fdf.jpeg" onerror="this.src='//t1a.coupangcdn.com/thumbnails/remote/300x300/image/coupang/common/no_img_1000_1000.png'">
    </div>

    <div class="promotion-badge">
        특가진행중
    </div>


    <div class="promotion-item-info-wrap">

        <div class="item-title-revamp">[팔라시오] 피쿠알 엑스트라버진 올리브오일 500ml x 2병 (24/25년 햇올리브), 2개</div>

            <div class="discount-contain">
                <span class="discount-text">와우할인가</span>
                <span class="discount-rate">12%</span>
                <span class="origin-price">60,330</span>
            </div>

        <div class="promotion-item-price-contain">
            <span class="sales-price">52,650</span><span class="sales-price">원</span>
        </div>

            <div class="unit-price">
                (100ml 5,265원)
            </div>

            <div class="pdd-text">
                6/11 도착 예정
            </div>

            <div class="delivery-text">
                무료배송
            </div>




            <div class="promotion-item-review-revamp">
                <span class="split-bg item-review-score-bg">
                  <span class="item-review-score split-bg" style="width:100%;">100%</span>
                </span>

                <span class="promotion-item-review-count">(25)</span>
            </div>

            <div class="stock_percent_contain">
                <div class="progress_contain">
                    <div class="progress_position" style="width:93%"></div>
                </div>
                <div class="progress_text">93 % 남음</div>
            </div>

    </div>
</a>
</div></li><li class="promotion-carousel-item" data-item-index="6"><div class="even"><a href="/vp/products/8286937093?vendorItemId=90919375778&amp;sourceType=sdp_bottom_promotion&amp;searchId=feed-528c97d17d964c98b5ce1abbb74d9eed-gw_promotion" data-vendor-item-id="90919375778" data-vendor-id="C01198051" data-product-id="8286937093" data-item-id="23896754596" data-tracking-tag="" data-impression-log-uri="https://mercury.coupang.com/e.gif?t=101&amp;r=NRWunE2GVJoyxRU7NYO4P2XROPVPvYUX4xTRVcvbl4MF6v0oCzLBZDWTmx82B9PHHDwSTzvykJWoNHtlrcMok7uE9X4p-kK25zEh1sGXUJhXinA7hNUeILMNTn1oFfFuCbKC9-YKbh6xMV4lwbZEvNsv6nnMGS_KMjxitqVbpgTWqo0XUAJg0006AJy5ICk0nlTqe7tleiv4s7AATQVEYKVDbBiCO_I6v4SlXjNJoQv9pvFLX08NDRQ4DcUR5K0rXdMWvILTDFw3m9eNBbUYh3hlozVbARxWWwoYhy6lk9GrwBv-YwIfacwh-g%3D%3D" data-click-log-uri="https://mercury.coupang.com/e.gif?t=100&amp;r=F2Cl7bqt0PrOQTEXF5EBU5D1x5H2tp83szspYihbkqRPVak9gZhZm0c2SOXeVg7kU2r4OahSnz_YZF1tme0fWvTkfKL74VhZE2P44ub6ujuFvV7rq08w-7an3u6QOz11JA4Q4si7Lxlva1Nkb9Jg2evLkIeXUu2_Tj3fAQslglMn3pPcHkenqAFPR5RGrLIzjEc7Epz2C4hyRjhiGBYdNoWTCqnryhzxEC58dDFC1uMnDv4d_zLqy750CCNATJzeaheneZ3Gmf4rU_jZyiyZ3bMWxPUSLw7ix7pd_m_tXZucvB_1k2o%3D" data-index="6" data-click-logging="{&quot;productId&quot;:8286937093,&quot;vendorItemId&quot;:90919375778,&quot;itemId&quot;:23896754596,&quot;feedId&quot;:&quot;feed-528c97d17d964c98b5ce1abbb74d9eed-gw_promotion&quot;,&quot;trAid&quot;:&quot;sdp_bottom_promotion&quot;,&quot;pageName&quot;:&quot;recommendation&quot;,&quot;domain&quot;:&quot;sdp&quot;,&quot;eventName&quot;:&quot;sdp_bottom_promotion&quot;,&quot;sourceType&quot;:&quot;sdp_bottom_promotion&quot;,&quot;isSeeMore&quot;:false}" data-adsplatform="{&quot;viewImpression&quot;: &quot;https://mercury.coupang.com/e.gif?t=102&amp;r=wXKTvfMa9OhXrYedwbACoQv5gBfu8YCguDdSu9dMFt3hzzNqZ__rbGqvUp3b_18--lQXYBr3Mftau5l3Ry2K7TkGdVAC6GqrZAe64dHos0GjcSHZl86CRPEmg28MrzeBVApDxmKbmC1cJnq5FzkKmwvK48fWhrLeqIXmJ3kNZFxk1wJdv9I2dpf7SxCMaQVdwGTy7hfbThOL9fFPZT7e7wxWEwK3nOTqzF8hlKaKAl1uoa4l_oBHSoDwZ2lGRGccYg6BRo8pYdrlF2JyCvmY8KBTbP4bqRSKkLhe5ZM-ZCVgJXlPjQ%3D%3D&quot; }">
    <div class="promotion-item-image">
        <img src="https://thumbnail6.coupangcdn.com/thumbnails/remote/292x292q65ex/image/vendor_inventory/e86a/1b7ef99ae6e81af43813c39a115e4a3709d59195824531f7e321193822f6.jpeg" onerror="this.src='//t1a.coupangcdn.com/thumbnails/remote/300x300/image/coupang/common/no_img_1000_1000.png'">
    </div>

    <div class="promotion-badge">
        특가진행중
    </div>


    <div class="promotion-item-info-wrap">

        <div class="item-title-revamp">[555] 엑스트라버진 올리브오일 500ml, 아르베퀴나, 1개</div>

            <div class="discount-contain">
                <span class="discount-text">와우할인가</span>
                <span class="discount-rate">10%</span>
                <span class="origin-price">45,510</span>
            </div>

        <div class="promotion-item-price-contain">
            <span class="sales-price">40,950</span><span class="sales-price">원</span>
        </div>

            <div class="unit-price">
                (100ml 8,190원)
            </div>

            <div class="pdd-text">
                6/11 도착 예정
            </div>

            <div class="delivery-text">
                무료배송
            </div>




            <div class="promotion-item-review-revamp">
                <span class="split-bg item-review-score-bg">
                  <span class="item-review-score split-bg" style="width:100%;">100%</span>
                </span>

                <span class="promotion-item-review-count">(2)</span>
            </div>

            <div class="stock_percent_contain">
                <div class="progress_contain">
                    <div class="progress_position" style="width:99%"></div>
                </div>
                <div class="progress_text">99 % 남음</div>
            </div>

    </div>
</a>
</div></li><li class="promotion-carousel-item" data-item-index="7"><div class="odd"><a href="/vp/products/8286950963?vendorItemId=90919437241&amp;sourceType=sdp_bottom_promotion&amp;searchId=feed-528c97d17d964c98b5ce1abbb74d9eed-gw_promotion" data-vendor-item-id="90919437241" data-vendor-id="C01198051" data-product-id="8286950963" data-item-id="24677456035" data-tracking-tag="" data-impression-log-uri="https://mercury.coupang.com/e.gif?t=101&amp;r=T18aIRGtg_OQ7TWrT5YKxxF-S4odHC8NJ0VcTctpdOHUMnfQEoIXetHLxAu9NRybOgdpgPOxkRrHOqFyHz21qxa9Wa0_Thp2QnhtLkjmsjOuDJtwA5cI2MOIG5uJlDiOtz0uv-vOAqlnXe7BURDq53GFirGwgLGZoNDpNOnW-NWB3uDrZAedxG4SdcVbSw7JjxBgEkp4UPMY8dmvhZiEtUewjsqaX83ItAymQhmZY7QmZJgh8ps52QvDg64a2TSWuoLX2PmoD0x1sBf7Sn4GVYmPoYHsTPdaKyVNQN1qYvimDyQFPaE4Mfh2Bg%3D%3D" data-click-log-uri="https://mercury.coupang.com/e.gif?t=100&amp;r=ZhKtdxFDZcp7gI1iZnUQ8OGJx3yO10r9OVPssk6EWNKEtfIdN9HEkRqxursK11yfvbX7i7vUZnCFZAaZqSQnV5pWQlGTcmSKPuOo-sbazddRiBpBWsf5vUXj00QCYU0TdloFys0D19ZzMqEBbsZIYk6QQDid0ZKQecQzUzkoKNdvFsC_jjNTRbWVybJrPhfNoVqBEfQSIhDIRZXdCGkD6Gg-KzM0zKaYS8WIYe9s2ym-Y6yGzk2wYfz9_61kMeunFsGRYQsPmQQSGQCwpMo8sjqij31h98Ba9fWAmyqQL9rvYI4kRjM%3D" data-index="7" data-click-logging="{&quot;productId&quot;:8286950963,&quot;vendorItemId&quot;:90919437241,&quot;itemId&quot;:24677456035,&quot;feedId&quot;:&quot;feed-528c97d17d964c98b5ce1abbb74d9eed-gw_promotion&quot;,&quot;trAid&quot;:&quot;sdp_bottom_promotion&quot;,&quot;pageName&quot;:&quot;recommendation&quot;,&quot;domain&quot;:&quot;sdp&quot;,&quot;eventName&quot;:&quot;sdp_bottom_promotion&quot;,&quot;sourceType&quot;:&quot;sdp_bottom_promotion&quot;,&quot;isSeeMore&quot;:false}" data-adsplatform="{&quot;viewImpression&quot;: &quot;https://mercury.coupang.com/e.gif?t=102&amp;r=QJmoNVa0Wv4fZrqLQC8fCkRepACllXoqinqCFY06lQ5R-eRUN9Au_rF5gABesD13iyuO-g6Rwq-hZUl0USYY9mWGrbpdcrpZix0n-h_nwfMA7vBlIX7HwsbhXKF4G-vtSkL9uw88gr3Uet2u1mBmdPHvpreYudnBks5Hi6xkM-3Sk8y5okDF0l552x6wcrdFx-Gc7EBmr-UmbGij8NmYSpWaspxv1MDkhjmJ2aZJKeBhO7wR0uNYy9wRHm9M-hh99GM7L8rMAQfb-38q-n_wY_E2BnARaS92NDCB5oLd2UecBpJA7A%3D%3D&quot; }">
    <div class="promotion-item-image">
        <img src="https://thumbnail6.coupangcdn.com/thumbnails/remote/292x292q65ex/image/vendor_inventory/71cb/54ff3b488eed876bdb1aa447e319a5948374a2d39e63994668a6399db659.png" onerror="this.src='//t1a.coupangcdn.com/thumbnails/remote/300x300/image/coupang/common/no_img_1000_1000.png'">
    </div>

    <div class="promotion-badge">
        특가진행중
    </div>


    <div class="promotion-item-info-wrap">

        <div class="item-title-revamp">[팔라시오] 피쿠알 엑스트라버진 올리브오일 500ml (24/25년 햇올리브), 1개</div>

            <div class="discount-contain">
                <span class="discount-text">와우할인가</span>
                <span class="discount-rate">15%</span>
                <span class="origin-price">32,860</span>
            </div>

        <div class="promotion-item-price-contain">
            <span class="sales-price">27,900</span><span class="sales-price">원</span>
        </div>

            <div class="unit-price">
                (100ml 5,580원)
            </div>

            <div class="pdd-text">
                6/11 도착 예정
            </div>

            <div class="delivery-text">
                무료배송
            </div>




            <div class="promotion-item-review-revamp">
                <span class="split-bg item-review-score-bg">
                  <span class="item-review-score split-bg" style="width:100%;">100%</span>
                </span>

                <span class="promotion-item-review-count">(2)</span>
            </div>

            <div class="stock_percent_contain">
                <div class="progress_contain">
                    <div class="progress_position" style="width:19%"></div>
                </div>
                <div class="progress_text">19 % 남음</div>
            </div>

    </div>
</a>
</div></li><li class="promotion-carousel-item" data-item-index="8"><div class="even"><a href="/vp/products/7844782177?vendorItemId=92417641217&amp;sourceType=sdp_bottom_promotion&amp;searchId=feed-528c97d17d964c98b5ce1abbb74d9eed-gw_promotion" data-vendor-item-id="92417641217" data-vendor-id="A01410886" data-product-id="7844782177" data-item-id="21365285757" data-tracking-tag="" data-impression-log-uri="https://mercury.coupang.com/e.gif?t=101&amp;r=dur72g8c9rdyV6dFdv934_FmNWdSsKb5_2k6smuJ3sbUOXmPhvG09OxsAKY01jJumToEWdSPwgbJMhjomNBjk49a4SoShZiGi8Hdc8x2RPKHnOKeHkev0icuZ2Dfc2LsUpoZLy00j_Zhna7PJnA6Lcwwu4HEugHNflBt-fo6wh4s1q_M7PPc8rsa_gKChm3zZQwQhYnn_hdTVJS7cfQD8pRR3uRmJdE_yS70NY3-zpX0qIi-wAIWwbGRYs_-I-una8nQralVO7vbxkCQM29Lt03k31LZNiD7t486sbBs5qpDcWkcPSlO-S33lg%3D%3D" data-click-log-uri="https://mercury.coupang.com/e.gif?t=100&amp;r=IPKcOZWrqy1dT8zKIGUtQkQjHK-BeRy9iPhz8AFbxCyhsYcRNQ0weQNELLBOVhL_zIPnq-64rdN8uwzYXJ325GEDXFT_-YfrnXvhkcA6z8dfsXKkf0B_01n_uRGX-Cwpo3tiOw_LpfBJJpdrMX9K1jsHmqSBQuWqQUuG7dou7cu43gZBckoHFNpJwLQGGL9-jA1AMP7DL75WEl2daSsO9EbTQAQD9JQhMZ1qvlLL8ot0JcoFaiJIuKhDhUcExit-2O-G7ZkT-LxzzUXoKOZyYeYYpE66kn114g8UmnY_2KYuJObaFGE%3D" data-index="8" data-click-logging="{&quot;productId&quot;:7844782177,&quot;vendorItemId&quot;:92417641217,&quot;itemId&quot;:21365285757,&quot;feedId&quot;:&quot;feed-528c97d17d964c98b5ce1abbb74d9eed-gw_promotion&quot;,&quot;trAid&quot;:&quot;sdp_bottom_promotion&quot;,&quot;pageName&quot;:&quot;recommendation&quot;,&quot;domain&quot;:&quot;sdp&quot;,&quot;eventName&quot;:&quot;sdp_bottom_promotion&quot;,&quot;sourceType&quot;:&quot;sdp_bottom_promotion&quot;,&quot;isSeeMore&quot;:false}" data-adsplatform="{&quot;viewImpression&quot;: &quot;https://mercury.coupang.com/e.gif?t=102&amp;r=ncvtpkv4nME457vCnfNJk1rzvDUf9r1IZCYC38ML85AFbnhJCefGY8-T51xZhBFuMwPiz3EMezWVbNINIcrqndepWmbUlRcREY4ITfJhTWycYV_UqN3sVpn9wdhgzuY_foyECxVWZMnl7fecUpvJtUUKio03Pnee9A48nAgdovlPV5dwQIzXhP-XS2LZV3vND1WuHPvn8mmQyE1_Jj4jqPVddK-VFkwJZtgo89nhfF9uYjNba3eUy7xLJnLxxP9HmDzwCk8RVomXUcgI1kBEeTi4ODe0pblacgvaSEztLsvPOMcb3g%3D%3D&quot; }">
    <div class="promotion-item-image">
        <img src="https://thumbnail6.coupangcdn.com/thumbnails/remote/292x292q65ex/image/vendor_inventory/6289/f681d6b0a41978cdc2c7c0a08b930e6cbf4a6926609c42220e54b3d9902f.png" onerror="this.src='//t1a.coupangcdn.com/thumbnails/remote/300x300/image/coupang/common/no_img_1000_1000.png'">
    </div>

    <div class="promotion-badge">
        특가진행중
    </div>


    <div class="promotion-item-info-wrap">

        <div class="item-title-revamp">유기농 파머스오리진 엑스트라버진 코코넛오일, 1개, 500ml</div>

            <div class="discount-contain">
                <span class="discount-text">와우할인가</span>
                <span class="discount-rate">18%</span>
                <span class="origin-price">15,000</span>
            </div>

        <div class="promotion-item-price-contain">
            <span class="sales-price">12,290</span><span class="sales-price">원</span>
                <img class="rod-badge" src="https://image6.coupangcdn.com/image/mypromotion/icons/new_xpc_rod.png">
        </div>

            <div class="unit-price">
                (100ml 2,458원)
            </div>

            <div class="pdd-text rg">
                내일(수) 도착 보장
            </div>

            <div class="delivery-text">
                무료배송∙오늘출발
            </div>




            <div class="promotion-item-review-revamp">
                <span class="split-bg item-review-score-bg">
                  <span class="item-review-score split-bg" style="width:100%;">100%</span>
                </span>

                <span class="promotion-item-review-count">(621)</span>
            </div>

            <div class="stock_percent_contain">
                <div class="progress_contain">
                    <div class="progress_position" style="width:94%"></div>
                </div>
                <div class="progress_text">94 % 남음</div>
            </div>

    </div>
</a>
</div></li><li class="promotion-carousel-item" data-item-index="9"><div class="odd"><a href="/vp/products/8561158574?vendorItemId=91800735023&amp;sourceType=sdp_bottom_promotion&amp;searchId=feed-528c97d17d964c98b5ce1abbb74d9eed-gw_promotion" data-vendor-item-id="91800735023" data-vendor-id="A01303509" data-product-id="8561158574" data-item-id="24792915860" data-tracking-tag="" data-impression-log-uri="https://mercury.coupang.com/e.gif?t=101&amp;r=oJWAdHPA82fyqFP5oKlRvngyZJaZqiZDyReK0utrIVOoTS4nyOXyBeQUF1WADbzInxZtxJB3JEx3F_ck6wPuU_QiluoFqVA0nAP2OPnaMabZtMV26RmIx_lQQe6Z0Y_DLx4fAKplN0GU-wtPWM2T6hbqsNK0TXeK1fdxczSfQjJzJPh1_WYDtRahnwYnVUiOltUGM-86Wg8klvK9o9Kqsffb6dVEW5hKtf5bDj0zABWgRvRAJ4z7gC8xkxwiLJjobUGiUomP8yDVTJt74Pki6WndGmgl05KbUCoKrJhx5xyYZM-v2BTNDGBV_A%3D%3D" data-click-log-uri="https://mercury.coupang.com/e.gif?t=100&amp;r=Xld-ooPbnFn7AppgXrYpWdSJU3CoXlZmQS1JIUFGmktDtsyKwoa9Oaao_YA5neybFMShikgeh1Yq1mcLCji77Wx5oXXtoNgoLTr8Yr5kSxZVEEDuJoSBsr08PPYzi5w1IYUmsXgb4mhYd3sCcnBXd6_dfldWMMPxTtKrryTOEXE0G_D-eESMcw_cdVk5dJzUMepWfzBw95zF2c8by1XrWUYEle7v1hJ53nO-iaUur3MmwEMQ7alyjf0WiUhbO_MHA-D5DnnMqPDbIOyLMDD26HsxCJoUyn_Z8N1PVrr-Q3azRdcZpYU%3D" data-index="9" data-click-logging="{&quot;productId&quot;:8561158574,&quot;vendorItemId&quot;:91800735023,&quot;itemId&quot;:24792915860,&quot;feedId&quot;:&quot;feed-528c97d17d964c98b5ce1abbb74d9eed-gw_promotion&quot;,&quot;trAid&quot;:&quot;sdp_bottom_promotion&quot;,&quot;pageName&quot;:&quot;recommendation&quot;,&quot;domain&quot;:&quot;sdp&quot;,&quot;eventName&quot;:&quot;sdp_bottom_promotion&quot;,&quot;sourceType&quot;:&quot;sdp_bottom_promotion&quot;,&quot;isSeeMore&quot;:false}" data-adsplatform="{&quot;viewImpression&quot;: &quot;https://mercury.coupang.com/e.gif?t=102&amp;r=GOVlGINxJkKmvpe9GKlATHTBghmRYP3W95f2H3q23kalJNp1o61Qd7BJUM8yCqBW2DxPWr45afjSJbMRrh-vz2YvWnukbw27Z8WqHZs7NDvsstzAIGP0pcsWX8_JnMD56xccjlAK9MH6ENSAGtL9gDY2yzb-cBDaI6s3RtvgLidcewdQAcscEl7N5cvlI_xFpSXpGxVrBGTPMY0TkQyeXgfQILd-iARpIMN7u-9bveB5lBcKXVmUtqR96fMIsSLJBtP2SR1ViYY0NCZPzDf5KCcR6gGdp8KIexpzel40umyhgpoGdA%3D%3D&quot; }">
    <div class="promotion-item-image">
        <img src="https://thumbnail6.coupangcdn.com/thumbnails/remote/292x292q65ex/image/vendor_inventory/0002/3150cb306509fd449a64373521f7741cefcf0c45f6f29852f62650b1e416.jpg" onerror="this.src='//t1a.coupangcdn.com/thumbnails/remote/300x300/image/coupang/common/no_img_1000_1000.png'">
    </div>

    <div class="promotion-badge">
        특가진행중
    </div>


    <div class="promotion-item-info-wrap">

        <div class="item-title-revamp">저온압착 수랏간 최선미 참기름, 1개, 350ml</div>

            <div class="discount-contain">
                <span class="discount-text">와우할인가</span>
                <span class="discount-rate">7%</span>
                <span class="origin-price">12,900</span>
            </div>

        <div class="promotion-item-price-contain">
            <span class="sales-price">11,900</span><span class="sales-price">원</span>
                <img class="rod-badge" src="https://image6.coupangcdn.com/image/mypromotion/icons/new_xpc_rod.png">
        </div>

            <div class="unit-price">
                (10ml 340원)
            </div>

            <div class="pdd-text rg">
                내일(수) 도착 보장
            </div>

            <div class="delivery-text">
                무료배송∙오늘출발
            </div>




            <div class="promotion-item-review-revamp">
                <span class="split-bg item-review-score-bg">
                  <span class="item-review-score split-bg" style="width:100%;">100%</span>
                </span>

                <span class="promotion-item-review-count">(296)</span>
            </div>

            <div class="stock_percent_contain">
                <div class="progress_contain">
                    <div class="progress_position" style="width:60%"></div>
                </div>
                <div class="progress_text">60 % 남음</div>
            </div>

    </div>
</a>
</div></li><li class="promotion-carousel-item" data-item-index="10"><div class="even"><a href="/vp/products/8734628596?vendorItemId=88420431028&amp;sourceType=sdp_bottom_promotion&amp;searchId=feed-528c97d17d964c98b5ce1abbb74d9eed-gw_promotion" data-vendor-item-id="88420431028" data-vendor-id="A00143056" data-product-id="8734628596" data-item-id="25382984442" data-tracking-tag="" data-impression-log-uri="https://mercury.coupang.com/e.gif?t=101&amp;r=NgX7iiLHX8mmMZudNv6l0W3YWjRoHq-hD-45C0vV8-e05djR6p75EdhAz-XurhcfjdI1DrXC61HNmNaSJ6ZLlPf7eB4-o_VORp5OfnmicbBlKfFS-aDr0xGUeVjMgGNaNJiUbDdHIKiOKVJEmixhDxem7k8Kt3OVbkT30XbrWi3UBvZNFndKbBBUiPqwSF4N41hc2aLo8cN83ejKlsnqfdIx4iogZdkBMB09JO01pb1NmtJCvGPd_j0iEhyaAYVLyyLhSI1RJ3FjjD6FFGT6uOklY1Pv45hlZwkZvrR4vSMsvd4kfQhk6aPL_g%3D%3D" data-click-log-uri="https://mercury.coupang.com/e.gif?t=100&amp;r=EP3fQxiWccrHjdk7EMUyjBN56WsVHJEEwOvLY4v_cdKvN2J12qNDbhLVl2Z0NN043y2mGVTg1EZSLQGmQwJ-FY0htvGBCpRW-dKhi5t9_X1kUP06WUvcz7d1_wPdEwPb4CHDGrGYORy9Eyop4uAvpu4ePwqVkrc0Go4DsSXzEjZ6CuLnH0n2QVVTXPTIlxic4coCbTam61lF9m8Frx5QN58D7yxhSyvza7bX9gxDvyjH1Qqk2Ib57d-YBdISR9a9WSrxi3g-EwHXpcNKTojaSw4ME1PxrHqLvr8r9UtUYYyJpbkAd5A%3D" data-index="10" data-click-logging="{&quot;productId&quot;:8734628596,&quot;vendorItemId&quot;:88420431028,&quot;itemId&quot;:25382984442,&quot;feedId&quot;:&quot;feed-528c97d17d964c98b5ce1abbb74d9eed-gw_promotion&quot;,&quot;trAid&quot;:&quot;sdp_bottom_promotion&quot;,&quot;pageName&quot;:&quot;recommendation&quot;,&quot;domain&quot;:&quot;sdp&quot;,&quot;eventName&quot;:&quot;sdp_bottom_promotion&quot;,&quot;sourceType&quot;:&quot;sdp_bottom_promotion&quot;,&quot;isSeeMore&quot;:false}" data-adsplatform="{&quot;viewImpression&quot;: &quot;https://mercury.coupang.com/e.gif?t=102&amp;r=SyWn2TnYZbv82tJdS4laeZaA5Fq2FH5TTQ_ohihYjLvJDo2DG9lNjNUNQ0PwIxHF0a0RffrB5XWeBxZp_U58GlZuifokNs91I0nCgdR6wVSRXXWtTWxu7CXAo54_xUZ2V8oHgUzOY0aoUC-_qqCHene2MP1n0hqePWkxs4uYXcGIdUijNDeTu4ExeknyPZa4JZDorBqs_RhnbXr25m3bjAHSu_qsLD9w8tMyZVdXRV4IVyUkTUj3fo3u0YcU0FNJxiV_DwO36USjsKQxxNxFQINFZ1okDk1-2QrDKx4sTHP4aKgaRQ%3D%3D&quot; }">
    <div class="promotion-item-image">
        <img src="https://thumbnail6.coupangcdn.com/thumbnails/remote/292x292q65ex/image/vendor_inventory/5ec6/0a4b27a87cd138c6ffc3d3f11a5c1eba2f867792fa17057687a38a550fb2.jpg" onerror="this.src='//t1a.coupangcdn.com/thumbnails/remote/300x300/image/coupang/common/no_img_1000_1000.png'">
    </div>

    <div class="promotion-badge">
        특가진행중
    </div>


    <div class="promotion-item-info-wrap">

        <div class="item-title-revamp">델비엔토 스페인산 엑스트라버진 올리브유 냉압착 올리브오일 안전포장, 1개, 500ml</div>

            <div class="discount-contain">
                <span class="discount-text">와우할인가</span>
                <span class="discount-rate">30%</span>
                <span class="origin-price">24,000</span>
            </div>

        <div class="promotion-item-price-contain">
            <span class="sales-price">16,600</span><span class="sales-price">원</span>
        </div>

            <div class="unit-price">
                (100ml 3,320원)
            </div>

            <div class="pdd-text">
                모레(목) 도착 예정
            </div>

            <div class="delivery-text">
                무료배송
            </div>




            <div class="promotion-item-review-revamp">
                <span class="split-bg item-review-score-bg">
                  <span class="item-review-score split-bg" style="width:100%;">100%</span>
                </span>

                <span class="promotion-item-review-count">(129)</span>
            </div>

            <div class="stock_percent_contain">
                <div class="progress_contain">
                    <div class="progress_position" style="width:98%"></div>
                </div>
                <div class="progress_text">98 % 남음</div>
            </div>

    </div>
</a>
</div></li><li class="promotion-carousel-item" data-item-index="11"><div class="odd"><a href="/vp/products/8380329086?vendorItemId=91234167122&amp;sourceType=sdp_bottom_promotion&amp;searchId=feed-528c97d17d964c98b5ce1abbb74d9eed-gw_promotion" data-vendor-item-id="91234167122" data-vendor-id="A01227173" data-product-id="8380329086" data-item-id="24216838832" data-tracking-tag="" data-impression-log-uri="https://mercury.coupang.com/e.gif?t=101&amp;r=2LPxh82oGic2Md4R2PYAnTh5bkFb6gln8JwmqQd7WdpWiiSoSuS1-STKHCo-Y3atLo7C9CCZJleYon4FMO9hPnNEUrd--H_vfU8SW5pC9aylNpqsg6lquEut78bjZLJcCHgMv6HpCcLvoN8nHvB1XmbNCQJk_zWxXxcfp0XGWXY11AUY4pL07cuo95AFqgT-VJS1lLSGLJe_NolNp4MjNk_6lx3jJeNeI6oUuU_7QB0-UwMETyKx0maj2f9Y3nxSPYxONeUwn5er8L3CtKWk39_XwuLhM81sdk2nUvLhxTwK_Fny-jbdvVX46A%3D%3D" data-click-log-uri="https://mercury.coupang.com/e.gif?t=100&amp;r=P0aqQkFG4x3aK1DOP0U6pKrpKUEt0lbHKieenYh4NC5qHQ1Yw5V_LlLbgIae4JsNNDGS3WwSXOHTOzeGdiVOxkva867gSzHcXAUdElpPsBkR_YnvbpWAnAY4dV7eejVD7lkVrDCScAHe-5h6yzmgC_s0oYh3LmN1mYXFsN3FJ13l0ZKlnGRCYQ9O3YtNk02CNJ-DBg_rngSGtSXXF_vpALKdav0AA3a6tT1RyZDkQPubXnENp__hpVwd_3Uvp2y45TsjvRMPQOCTJaWiwUzbT0vbvlVr6A2LcXk5lZUSNDu_alWX8IM%3D" data-index="11" data-click-logging="{&quot;productId&quot;:8380329086,&quot;vendorItemId&quot;:91234167122,&quot;itemId&quot;:24216838832,&quot;feedId&quot;:&quot;feed-528c97d17d964c98b5ce1abbb74d9eed-gw_promotion&quot;,&quot;trAid&quot;:&quot;sdp_bottom_promotion&quot;,&quot;pageName&quot;:&quot;recommendation&quot;,&quot;domain&quot;:&quot;sdp&quot;,&quot;eventName&quot;:&quot;sdp_bottom_promotion&quot;,&quot;sourceType&quot;:&quot;sdp_bottom_promotion&quot;,&quot;isSeeMore&quot;:false}" data-adsplatform="{&quot;viewImpression&quot;: &quot;https://mercury.coupang.com/e.gif?t=102&amp;r=FiBrjGhFaUU9FBpCFqKL-y4Qzq-0bSN_0XL7lZi4MD7ZIUwRFbQJkvBdW0n1Ns_v9L2KolhSrNNCIld3Jqe5HyNieJNIKlYhmzt3t5DGg9cjYA_6uXraU18LZ3vNcmReSisGCiny5YMfUdXhL4eWdUv1iwS_oXsae1lVekx7JLw1AH1o1bBz_Hn3cPvekQTG-Z6Mb9Y2fMOEDab07oe1RLWbaT_YeYSRonNhxvqxaEpPQTOEQDqbXnmf_7zEHhD9DJLlpUQvBNv01lAApMpHIQNb2EZhyFGyrOcfOB0piIShxEH2dQ%3D%3D&quot; }">
    <div class="promotion-item-image">
        <img src="https://thumbnail6.coupangcdn.com/thumbnails/remote/292x292q65ex/image/vendor_inventory/07f5/d0d88e9b01ad03fca5c3651706a29758fb25d3ff4ff0a39bd0728432fbcc.png" onerror="this.src='//t1a.coupangcdn.com/thumbnails/remote/300x300/image/coupang/common/no_img_1000_1000.png'">
    </div>

    <div class="promotion-badge">
        특가진행중
    </div>


    <div class="promotion-item-info-wrap">

        <div class="item-title-revamp">저온압착 참기름 통참깨100%, 1개, 300ml</div>

            <div class="discount-contain">
                <span class="discount-text">와우할인가</span>
                <span class="discount-rate">27%</span>
                <span class="origin-price">10,900</span>
            </div>

        <div class="promotion-item-price-contain">
            <span class="sales-price">7,950</span><span class="sales-price">원</span>
                <img class="rod-badge" src="https://image6.coupangcdn.com/image/mypromotion/icons/new_xpc_rod.png">
        </div>

            <div class="unit-price">
                (10ml 265원)
            </div>

            <div class="pdd-text rg">
                내일(수) 도착 보장
            </div>

            <div class="delivery-text">
                무료배송∙오늘출발
            </div>




            <div class="promotion-item-review-revamp">
                <span class="split-bg item-review-score-bg">
                  <span class="item-review-score split-bg" style="width:100%;">100%</span>
                </span>

                <span class="promotion-item-review-count">(21)</span>
            </div>

            <div class="stock_percent_contain">
                <div class="progress_contain">
                    <div class="progress_position" style="width:99%"></div>
                </div>
                <div class="progress_text">99 % 남음</div>
            </div>

    </div>
</a>
</div></li><li class="promotion-carousel-item" data-item-index="12"><div class="even"><a href="/vp/products/7255807545?vendorItemId=85608646156&amp;sourceType=sdp_bottom_promotion&amp;searchId=feed-528c97d17d964c98b5ce1abbb74d9eed-gw_promotion" data-vendor-item-id="85608646156" data-vendor-id="A00129465" data-product-id="7255807545" data-item-id="18468441288" data-tracking-tag="" data-impression-log-uri="https://mercury.coupang.com/e.gif?t=101&amp;r=l3Gdn-LoBSrgk5t_lyuyPNRX7Jbm3HehsKhSBUOKMnyUYRo-iuOHvYz5fN0suQ1_YwV39_qnFQz8_--ZeutkJTn_ghNyK5eum9m4sLTydrRKpgcaouQQkxbn0FC7CVAmO1C5K-RvMPhnMBRZjxOXRX0Wq3VmSstbSygbaVb1U4xE7G1ZUIWE6-sRpPuIBpeAVsLMU4kOjBGUhhpbFHV0oKoPKA-y47nXi-u6p2GACe3qbJcr1ZmwtQhVnCwz1zec8Ima9ee1QVuLWNtdTfHkDdfr1pukNAReCsUc-WcqexQR4K9zGsp9j7XSqw%3D%3D" data-click-log-uri="https://mercury.coupang.com/e.gif?t=100&amp;r=nrFMxqUTLaqSdPtZnrRBMLx5S7EEzdrRIdXTBVidGydNpWwZWRhe6Y-W1K3iVmba7XZ7OjVfTqKYNcqodN7OHK7ERbIOYzaP5H0PEhXStPLDTwuUbEhqoSCG3Wf9XGDVjWacoeJ3zatL8gwJuIwoSfyJOwMLVICeu90bST9RANgTlo23TG8rok-MsrE_W_3Hd9HrJun5ta6J5O6lfZ6EmuGzGIX9NfkbHOa8MlLY1oZk7Ec7GOXKoWkRiRMjVE28k1Z3iq8P9yYViuBn6k3oCUIIlAw6Jk72awdt5xeEhOewOR76Ck8%3D" data-index="12" data-click-logging="{&quot;productId&quot;:7255807545,&quot;vendorItemId&quot;:85608646156,&quot;itemId&quot;:18468441288,&quot;feedId&quot;:&quot;feed-528c97d17d964c98b5ce1abbb74d9eed-gw_promotion&quot;,&quot;trAid&quot;:&quot;sdp_bottom_promotion&quot;,&quot;pageName&quot;:&quot;recommendation&quot;,&quot;domain&quot;:&quot;sdp&quot;,&quot;eventName&quot;:&quot;sdp_bottom_promotion&quot;,&quot;sourceType&quot;:&quot;sdp_bottom_promotion&quot;,&quot;isSeeMore&quot;:false}" data-adsplatform="{&quot;viewImpression&quot;: &quot;https://mercury.coupang.com/e.gif?t=102&amp;r=8W6YiYesgON76iQQ8evkv54jrJt1vCeOE86uvBqkNfyzTxRrhss5O-ps2R7FAu2JfRpW7rZlo0DwtFPp42GFqcIZqaHkIRsR-YaGryZLjMkcNKRyEM2YfMmODzBCuuOxipEf_hX0nNXFYnZQWlqmNTA2u4p0h2oV1PULARTUrRNScJkzoDwq7BhvJQa-M4evFsVDqUsjPZxU0YUVEdDou0gJtYzcpoBVo84cMAyY-9xe6gPFQuv4u-_hS3N88mQwFTM9kniMNNJuQa5tgj64b--cE-0lsSgf4XAfco-mQbsVAdKNsg%3D%3D&quot; }">
    <div class="promotion-item-image">
        <img src="https://thumbnail6.coupangcdn.com/thumbnails/remote/292x292q65ex/image/vendor_inventory/21ab/ea0e84d34dc2f1bdcaf62824902b170250cf28ee326c4a6847b25d381518.png" onerror="this.src='//t1a.coupangcdn.com/thumbnails/remote/300x300/image/coupang/common/no_img_1000_1000.png'">
    </div>

    <div class="promotion-badge">
        특가진행중
    </div>


    <div class="promotion-item-info-wrap">

        <div class="item-title-revamp">애게아 오가닉 엑스트라버진 올리브오일 냉압착방식 유기농 그리스산, 1개, 500ml</div>

            <div class="discount-contain">
                <span class="discount-text">와우할인가</span>
                <span class="discount-rate">20%</span>
                <span class="origin-price">66,150</span>
            </div>

        <div class="promotion-item-price-contain">
            <span class="sales-price">52,650</span><span class="sales-price">원</span>
        </div>

            <div class="unit-price">
                (100ml 10,530원)
            </div>

            <div class="pdd-text">
                모레(목) 도착 예정
            </div>

            <div class="delivery-text">
                무료배송
            </div>




            <div class="promotion-item-review-revamp">
                <span class="split-bg item-review-score-bg">
                  <span class="item-review-score split-bg" style="width:100%;">100%</span>
                </span>

                <span class="promotion-item-review-count">(6)</span>
            </div>

            <div class="stock_percent_contain">
                <div class="progress_contain">
                    <div class="progress_position" style="width:94%"></div>
                </div>
                <div class="progress_text">94 % 남음</div>
            </div>

    </div>
</a>
</div></li><li class="promotion-carousel-item" data-item-index="13"><div class="odd"><a href="/vp/products/8444004602?vendorItemId=89625084910&amp;sourceType=sdp_bottom_promotion&amp;searchId=feed-528c97d17d964c98b5ce1abbb74d9eed-gw_promotion" data-vendor-item-id="89625084910" data-vendor-id="A00690082" data-product-id="8444004602" data-item-id="24426352106" data-tracking-tag="" data-impression-log-uri="https://mercury.coupang.com/e.gif?t=101&amp;r=HmoWCr60a9YGimJsHkjSx6VYvV2vw54CJ1QumYnUMs36lewfclPz45nKeOKlMgwbAZfFsSNscs7rvIbZZpH1QyR7ElQhe6KKT4gW_o4oK8Xv0aeyQFLUIHfBbYpx7k3_DQBG725CYDcC7DFMzZtUj-8O5GE3jPFJ1TFGiccWRyYO2sv-Kkrr0jmzrkt-UXg4zIa7_7gYXx2Y5wP_cK4Ql8sqYSa0Rk6h8DZiATSpnkTNZ-QGiEV5BnBo_C8Cks7lrV8_FBh21Bh2916Q4uVtgqL1_Fd0R2rRlwzddTpC4xKYE8nsH5YJmwfCgw%3D%3D" data-click-log-uri="https://mercury.coupang.com/e.gif?t=100&amp;r=j0WRGspAGKv6g9fVj2i65zhN4cghXV40Dcw1vyJ_qnM0QiNwLr0Db5SRd13tMp1IHvfjUQu5XAVKz70H7fiS1yBrN1sUOaV08GkS_QLTNbpx25y2sJdrU3klPF0ZQi5mU2GKoJom05YNNXKGQ-Ae-nEtlPFahUJMJO9_xP9h0qZ-JoPzoQcIQXAXksJ7MklKjhWv5dLonbyb7TScf1aWCujqol1dIjq9RdYcfOrVlR0rMGBHDkW5pU1XbSmK_YhpuM22GQ2WVl-ce2Cb8lXDz0JR7qrA1pzaPXRXcs_smuMfi2aAgqE%3D" data-index="13" data-click-logging="{&quot;productId&quot;:8444004602,&quot;vendorItemId&quot;:89625084910,&quot;itemId&quot;:24426352106,&quot;feedId&quot;:&quot;feed-528c97d17d964c98b5ce1abbb74d9eed-gw_promotion&quot;,&quot;trAid&quot;:&quot;sdp_bottom_promotion&quot;,&quot;pageName&quot;:&quot;recommendation&quot;,&quot;domain&quot;:&quot;sdp&quot;,&quot;eventName&quot;:&quot;sdp_bottom_promotion&quot;,&quot;sourceType&quot;:&quot;sdp_bottom_promotion&quot;,&quot;isSeeMore&quot;:false}" data-adsplatform="{&quot;viewImpression&quot;: &quot;https://mercury.coupang.com/e.gif?t=102&amp;r=NfO803hkvyNHQK4VNX3Vq4UxRI7_6nHDpn2J2J_eKLwiZBoPhWttGPp3-7eGJuboqHRdzxEfZJlrR_DimqYSmKBPjs1ox8uhP7W0YZtNEE5hO632gydZht05rhbS2nvqdcHpcOtlqzp_KHQ8kkmlBx4P6sAb4dQuxm2MKYqvXudcJQoHL8rkqAlMyFIJ8HxnMdgGXci-LTZaJHCmmUmij18oZuUDmhHc3fxxlCmdN9odUtfneRzmitAF3_dBog862F47w4cu_K-sWTYNRDGVUZ53QTN4V_38cloN03HZ7FrOiVfmJA%3D%3D&quot; }">
    <div class="promotion-item-image">
        <img src="https://thumbnail6.coupangcdn.com/thumbnails/remote/292x292q65ex/image/vendor_inventory/28b7/056e241fa7915642e38fc1cece3e0ad5c87d77f0d25e03ac50ab7c53606d.jpg" onerror="this.src='//t1a.coupangcdn.com/thumbnails/remote/300x300/image/coupang/common/no_img_1000_1000.png'">
    </div>

    <div class="promotion-badge">
        특가진행중
    </div>


    <div class="promotion-item-info-wrap">

        <div class="item-title-revamp">딱 한번만 착유한 통참깨 100% 참기름 350ml, 1개</div>

            <div class="discount-contain">
                <span class="discount-text">와우할인가</span>
                <span class="discount-rate">40%</span>
                <span class="origin-price">12,900</span>
            </div>

        <div class="promotion-item-price-contain">
            <span class="sales-price">7,690</span><span class="sales-price">원</span>
        </div>

            <div class="unit-price">
                (10ml 220원)
            </div>

            <div class="pdd-text">
                5/30(금) 도착 예정
            </div>

            <div class="delivery-text">
                무료배송
            </div>




            <div class="promotion-item-review-revamp">
                <span class="split-bg item-review-score-bg">
                  <span class="item-review-score split-bg" style="width:90%;">90%</span>
                </span>

                <span class="promotion-item-review-count">(24)</span>
            </div>

            <div class="stock_percent_contain">
                <div class="progress_contain">
                    <div class="progress_position" style="width:96%"></div>
                </div>
                <div class="progress_text">96 % 남음</div>
            </div>

    </div>
</a>
</div></li><li class="promotion-carousel-item" data-item-index="14"><div class="even"><a href="/vp/products/8175884072?vendorItemId=91289427280&amp;sourceType=sdp_bottom_promotion&amp;searchId=feed-528c97d17d964c98b5ce1abbb74d9eed-gw_promotion" data-vendor-item-id="91289427280" data-vendor-id="A00745578" data-product-id="8175884072" data-item-id="24272863488" data-tracking-tag="" data-impression-log-uri="https://mercury.coupang.com/e.gif?t=101&amp;r=_mEnC3n43tZ-awLZ_nbasq0oj3Zi76oiDuC3rWUY8Cd8Mn97giVBkTA6pFhQ5h4znk5-RC37i2aAyNCb59POAWC2jCmB26S4q2uNyvtDkKVqdOKcGVxCOF1DG-_pifg25_8KNT0dS0kFTbUIiDiJvZkurz0WtG5AC1z2LfW9rtkcBBRMrT6tNZlfA6bPVHUs57jlVMwJanNn94zkMOP-V96ch9UWpiCtSqaoIBatpRixPQ6BojCh9S343Ayu3LLaIQnEi8jvADVtcVCvD_5_Bv7WvaykvJl2iSWxsWbuKTtZ6jQmsxUIG-K4uA%3D%3D" data-click-log-uri="https://mercury.coupang.com/e.gif?t=100&amp;r=v0JWPH-4n5-_5nUvv7Jljlc-OYWg-h3Yee6gaBzeo6oZNvjn2lvHtVt61VAvgE0gXVDPU-jRIgc5HlZb9QRcQhxEnKwXSeoUbgt5PWLMKnHQ9KG_4Hc3aZjVzeo3AVScMOKTf88NhjZ1bk7c2lo25u4mXpiCA2BRYo-9hFG-PDKNWNfIpoxRkyP2efCDjaE6GjvGoOoB2_lhj-4uLGKDIXagWZgGbk1i-oGOv4D2xeI6gh9zU_BxZ96VSphX87iWI__ckQVMuNhp8sbH1lv4bvYR0E_eGd_nYNcfeXtz70HKLaOCKpY%3D" data-index="14" data-click-logging="{&quot;productId&quot;:8175884072,&quot;vendorItemId&quot;:91289427280,&quot;itemId&quot;:24272863488,&quot;feedId&quot;:&quot;feed-528c97d17d964c98b5ce1abbb74d9eed-gw_promotion&quot;,&quot;trAid&quot;:&quot;sdp_bottom_promotion&quot;,&quot;pageName&quot;:&quot;recommendation&quot;,&quot;domain&quot;:&quot;sdp&quot;,&quot;eventName&quot;:&quot;sdp_bottom_promotion&quot;,&quot;sourceType&quot;:&quot;sdp_bottom_promotion&quot;,&quot;isSeeMore&quot;:false}" data-adsplatform="{&quot;viewImpression&quot;: &quot;https://mercury.coupang.com/e.gif?t=102&amp;r=NDiwGYWM9B2NehtONE5tpm6X9syerLQ602A_ud_YlTL4zP75P_xqP22gxWFVcYlJH4Noc6u-040D8SDXJ6lSekLkEo-bX4o-Ua1gizWnS71z-lwx0AxyAStwc4TT60CySrfAg0RzlQ53SWTjgnMZOtiXK0JRjYLu714A_kplYKrQayQmbENqo-qs4xK6lO6xnfcfYSFr6QnVgCsAa7EXEraLJIteGpBTBpzJIKdwwXaNwKWt2BGNgcDBJmcaFmETgyq3hrZk-QJtDTGUg7tfM3zePYdS0j_Uw63QKjbUnObTwz4eUw%3D%3D&quot; }">
    <div class="promotion-item-image">
        <img src="https://thumbnail6.coupangcdn.com/thumbnails/remote/292x292q65ex/image/vendor_inventory/669a/74688a948014fa3af2fcca6d17b3d94b6b82a0bba35fd823903eae0b3ed1.jpg" onerror="this.src='//t1a.coupangcdn.com/thumbnails/remote/300x300/image/coupang/common/no_img_1000_1000.png'">
    </div>

    <div class="promotion-badge">
        특가진행중
    </div>


    <div class="promotion-item-info-wrap">

        <div class="item-title-revamp">대한민국농수산 저온압착 순수 참기름 생 기름, 350ml, 1개</div>

            <div class="discount-contain">
                <span class="discount-text">와우할인가</span>
                <span class="discount-rate">47%</span>
                <span class="origin-price">18,900</span>
            </div>

        <div class="promotion-item-price-contain">
            <span class="sales-price">9,900</span><span class="sales-price">원</span>
                <img class="rod-badge" src="https://image6.coupangcdn.com/image/mypromotion/icons/new_xpc_rod.png">
        </div>

            <div class="unit-price">
                (10ml 283원)
            </div>

            <div class="pdd-text rg">
                내일(수) 도착 보장
            </div>

            <div class="delivery-text">
                무료배송∙오늘출발
            </div>




            <div class="promotion-item-review-revamp">
                <span class="split-bg item-review-score-bg">
                  <span class="item-review-score split-bg" style="width:90%;">90%</span>
                </span>

                <span class="promotion-item-review-count">(139)</span>
            </div>

            <div class="stock_percent_contain">
                <div class="progress_contain">
                    <div class="progress_position" style="width:51%"></div>
                </div>
                <div class="progress_text">51 % 남음</div>
            </div>

    </div>
</a>
</div></li><li class="promotion-carousel-item" data-item-index="15"><div class="odd"><a href="/vp/products/8289747070?vendorItemId=70133695309&amp;sourceType=sdp_bottom_promotion&amp;searchId=feed-528c97d17d964c98b5ce1abbb74d9eed-gw_promotion" data-vendor-item-id="70133695309" data-vendor-id="A00010931" data-product-id="8289747070" data-item-id="13010242461" data-tracking-tag="" data-impression-log-uri="https://mercury.coupang.com/e.gif?t=101&amp;r=CF_NdWLMCRgF39C0CNB0LKaLwvUaOSFZr7hVGyiwWtRE1buHDcxKP9Cvpmsii4m1E8h7lUegNiTr31_znuH7umxwIVO1O5h-jsYmXlJcq-J5ptjLMsuaNVlLHEx1naqc4wSUmhQ9QLCKJ64l9yuPDdiGugSGUb0U1fkZMu9hwiZxWakwntAv8kPAW7MhXKAlBFoP2ak1xbAjxQA_UzIfp0goVDsWyvpEV52ZMRhUm6S0CJsmQKPM7leuHqHA1h4WUAXfLce9_1HL62Vhnixy4BYxgWe-HodNGJwetV4z_NkXK_rUQwWtuYCO3g%3D%3D" data-click-log-uri="https://mercury.coupang.com/e.gif?t=100&amp;r=YFMW9CyA6viFvH3DYDjsJFwgQzbqoCH377m96IXh5Htl1nEIlJFcFFx0CbmjLqIT4QAzUUpN4xdqjbWLEsKUqoBHkE98KSzND7ySWfwwMRVTYdP6tUoVvsaFEd4SM4ZlXase4Lo5WEzhuLBOYeqAXq6gwgrVZAnCIdpU3Hkfy3p2406TmET4li_nkMH_KbYLO7MmfqBBOzoKUf3_lX7xG-H8dlCUf7YpXi34rZxv41S8fqFOh91JqYnlG91cCKmXKpvdfyvLGLCY12DkIeaLGqmUPFB9Iya88daAzqyjyM7cKkqhoWU%3D" data-index="15" data-click-logging="{&quot;productId&quot;:8289747070,&quot;vendorItemId&quot;:70133695309,&quot;itemId&quot;:13010242461,&quot;feedId&quot;:&quot;feed-528c97d17d964c98b5ce1abbb74d9eed-gw_promotion&quot;,&quot;trAid&quot;:&quot;sdp_bottom_promotion&quot;,&quot;pageName&quot;:&quot;recommendation&quot;,&quot;domain&quot;:&quot;sdp&quot;,&quot;eventName&quot;:&quot;sdp_bottom_promotion&quot;,&quot;sourceType&quot;:&quot;sdp_bottom_promotion&quot;,&quot;isSeeMore&quot;:false}" data-adsplatform="{&quot;viewImpression&quot;: &quot;https://mercury.coupang.com/e.gif?t=102&amp;r=mnSINQuBKGjZDLZJmuVjstLpyTz-sxhD1xb5uHizT4Vhja7eQE65bpZNS3uBYU8kWYh4YfgfHGwgKU17BGF4UGo3zi6c8Ut7BnIpTh6OjRwL-W4ffsM54RlZRDOnOYtw4bMm_BTXfSUxuPdE52cugXqZAAORqFIWeR1IznVjfJRsJj6KTDjoF4vWz_yxAwmhO2XJ5DyRLTx6MELp8wASK8cdSqh4jdpahlXNIIwVFW24C4bmeqWwoXaFRcxCphryPh1UrudmSFLwJT6YgkmtupZIWO5V0gCWxTbMSzYGRF3-m9ub-Q%3D%3D&quot; }">
    <div class="promotion-item-image">
        <img src="https://thumbnail6.coupangcdn.com/thumbnails/remote/292x292q65ex/image/vendor_inventory/436f/f3ea230e31a68b3844dd832ed6ea18260be13671892eecfab9d464544a1a.jpg" onerror="this.src='//t1a.coupangcdn.com/thumbnails/remote/300x300/image/coupang/common/no_img_1000_1000.png'">
    </div>

    <div class="promotion-badge">
        특가진행중
    </div>


    <div class="promotion-item-info-wrap">

        <div class="item-title-revamp">사조해표 해바라기씨유 500mlX2P 선물포장 개업선물 기업특판 보험사은품 명절선물세트 해바라기유선물세트, 2개, 500ml</div>

            <div class="discount-contain">
                <span class="discount-text">와우할인가</span>
                <span class="discount-rate">45%</span>
                <span class="origin-price">12,900</span>
            </div>

        <div class="promotion-item-price-contain">
            <span class="sales-price">7,030</span><span class="sales-price">원</span>
        </div>

            <div class="unit-price">
                (100ml 703원)
            </div>

            <div class="pdd-text">
                모레(목) 도착 예정
            </div>

            <div class="delivery-text">
                무료배송
            </div>




            <div class="promotion-item-review-revamp">
                <span class="split-bg item-review-score-bg">
                  <span class="item-review-score split-bg" style="width:90%;">90%</span>
                </span>

                <span class="promotion-item-review-count">(146)</span>
            </div>

            <div class="stock_percent_contain">
                <div class="progress_contain">
                    <div class="progress_position" style="width:96%"></div>
                </div>
                <div class="progress_text">96 % 남음</div>
            </div>

    </div>
</a>
</div></li><li class="promotion-carousel-item" data-item-index="16"><div class="even"><a href="/vp/products/7640533539?vendorItemId=84777903017&amp;sourceType=sdp_bottom_promotion&amp;searchId=feed-528c97d17d964c98b5ce1abbb74d9eed-gw_promotion" data-vendor-item-id="84777903017" data-vendor-id="A00856534" data-product-id="7640533539" data-item-id="20300456565" data-tracking-tag="" data-impression-log-uri="https://mercury.coupang.com/e.gif?t=101&amp;r=lJNotuK6EkiTs9E-lCnFTAAc3dRylj8JRPYzSHKomRZOiLHMs83LjLiUrUC8AKHxRRJg7YA3fMUaX9J2FQ76epUxioZPs1eyKLEp1AnObL1kbC1CsX81vHvSUwGQ4Tz2blDjGAuE0z-OKC5UOcrVOMUnaP4FX9JNy26k86MHqbNsHhpO_kbcQnEnuk6NdOoGWVrBKLqrjxzMF-oRKjYxkuRXrqL9Y7cECp6ewVnT9JDYLKFUPUXYGWvsZX0rZlYBq1Ll-8WUr0pwmkeXYgxinyYub-cyT4Kub8LMeLr91V0JZ2Meqr1-cYgElA%3D%3D" data-click-log-uri="https://mercury.coupang.com/e.gif?t=100&amp;r=CtafmC_gCk5_EiWOCgVXuBqOGmrDOOsMOX7bNSUC6LZD_uW2NUvF9rOZiOS0-NrW69r1lLldNYyWIxMRqDKxnwA5j_iQKP9SMC_YTo71VG33YNnk6eVunrXlrjdQpxKeJxALQ-2bQg3OftHWw75elkf7WK-r1r3rBfTUhL5KA6dIONdWulrKAvnukfa8yyAb53Wn9VuhC0c9GnwOBXbA9OZqSlAYJSw_V-LZLnjDFhDEU42OIwheqkdCEEa_T2jETGsj_A67IngxzF-kCivyNqS2Y12tppKMozfejf0ISMG4zzikh0o%3D" data-index="16" data-click-logging="{&quot;productId&quot;:7640533539,&quot;vendorItemId&quot;:84777903017,&quot;itemId&quot;:20300456565,&quot;feedId&quot;:&quot;feed-528c97d17d964c98b5ce1abbb74d9eed-gw_promotion&quot;,&quot;trAid&quot;:&quot;sdp_bottom_promotion&quot;,&quot;pageName&quot;:&quot;recommendation&quot;,&quot;domain&quot;:&quot;sdp&quot;,&quot;eventName&quot;:&quot;sdp_bottom_promotion&quot;,&quot;sourceType&quot;:&quot;sdp_bottom_promotion&quot;,&quot;isSeeMore&quot;:false}" data-adsplatform="{&quot;viewImpression&quot;: &quot;https://mercury.coupang.com/e.gif?t=102&amp;r=dcYzWwCeomdNzm9WdU-TWK7Jax3ZgsqVowGG-s79GjvcADudQ2lgQaNurKgkcsnMNWIZR71mghOBNF5Txv3S1luME7aSNcm4mROt0siGncgCF02zBsZBxIIyDJyQSJ9LmbD4PbmWxgHy2P3BSb2c-xaaGlMa4IvFLrtCvksF_GPmgNm7llMI6MK1BOIeLI9UmEAUgSRUO8HaJqpuJ72CRJSqqz_0OP6JGvYPdoBxEa1e29ywXOfZWM6c2X0Ur7zUTL_NfHCfwDPh4TwNCSB4bUSPAAJIwvxoF7G_LhWuctLvlp9j5g%3D%3D&quot; }">
    <div class="promotion-item-image">
        <img src="https://thumbnail6.coupangcdn.com/thumbnails/remote/292x292q65ex/image/retail/images/2025/04/28/17/1/c05fe013-e9c7-4763-a371-cf5040230323.jpg" onerror="this.src='//t1a.coupangcdn.com/thumbnails/remote/300x300/image/coupang/common/no_img_1000_1000.png'">
    </div>

    <div class="promotion-badge">
        특가진행중
    </div>


    <div class="promotion-item-info-wrap">

        <div class="item-title-revamp">라돌레아 엑스트라 버진 올리브오일 인텐스, 1개, 200ml</div>

            <div class="discount-contain">
                <span class="discount-text">와우할인가</span>
                <span class="discount-rate">10%</span>
                <span class="origin-price">42,000</span>
            </div>

        <div class="promotion-item-price-contain">
            <span class="sales-price">37,800</span><span class="sales-price">원</span>
        </div>

            <div class="unit-price">
                (100ml 18,900원)
            </div>

            <div class="pdd-text">
                모레(목) 도착 예정
            </div>

            <div class="delivery-text">
                무료배송
            </div>




            <div class="promotion-item-review-revamp">
                <span class="split-bg item-review-score-bg">
                  <span class="item-review-score split-bg" style="width:100%;">100%</span>
                </span>

                <span class="promotion-item-review-count">(9)</span>
            </div>

            <div class="stock_percent_contain">
                <div class="progress_contain">
                    <div class="progress_position" style="width:34%"></div>
                </div>
                <div class="progress_text">34 % 남음</div>
            </div>

    </div>
</a>
</div></li><li class="promotion-carousel-item" data-item-index="17"><div class="odd"><a href="/vp/products/8623984841?vendorItemId=91995977319&amp;sourceType=sdp_bottom_promotion&amp;searchId=feed-528c97d17d964c98b5ce1abbb74d9eed-gw_promotion" data-vendor-item-id="91995977319" data-vendor-id="A00302855" data-product-id="8623984841" data-item-id="24990613511" data-tracking-tag="" data-impression-log-uri="https://mercury.coupang.com/e.gif?t=101&amp;r=k8mCC9lKTJBgmaU8k-L3MNBCZ8MS2tqA8zGISS73ENUwqjn94tvnsugQGjfxu8dcDjjsGY4dFzyRydEqKuxty6SGpPlGBZ2siFNNJSQAoXVJWiyREoGoHfOYjvfdorQZwfUwOvVAtF6IfLcvR3hd3OO5O4ke5A1XjIrP8IEa7Rm98Uyus5Yqk3npAzNsIW7ng-0Ta8YVf4nlZ5dkmjlXwaZ2QBAV0ShhqxJvG3QeyTzlWdeJvWdHrHhn75JgKacqSylA7XYu91o6NnXeGQn7UsZkEFe0oTNZj2G_u8oWn93Tu_dSb010QjjsWg%3D%3D" data-click-log-uri="https://mercury.coupang.com/e.gif?t=100&amp;r=E7N6uMmrx4tls8j8E9R8GATNF7DhSqMl1455tSIQAxo4QRS5I3ppyHpIQTfCBYBwDRRKTbzy42VI6DYtv0WD6DJeZyHWG07q9jX8DNTHs9yqlXxInylYB9HFUZpsYmXBw6nKTspGwUY8ow22z64PJNBZ2C91uMdCSCzYO3QwLs21nnSiURwvgxz6u0i5y1KSvypgrdldmv2KdDRzjwaZWgpovaZuUshrWSlSCosJqnORXLCWt73rI0cC3VadNYOQLU3EBbBwfyGTKdvBZ-AI95mFu2SJf51ura4FUVud4gSDyrTCc-8%3D" data-index="17" data-click-logging="{&quot;productId&quot;:8623984841,&quot;vendorItemId&quot;:91995977319,&quot;itemId&quot;:24990613511,&quot;feedId&quot;:&quot;feed-528c97d17d964c98b5ce1abbb74d9eed-gw_promotion&quot;,&quot;trAid&quot;:&quot;sdp_bottom_promotion&quot;,&quot;pageName&quot;:&quot;recommendation&quot;,&quot;domain&quot;:&quot;sdp&quot;,&quot;eventName&quot;:&quot;sdp_bottom_promotion&quot;,&quot;sourceType&quot;:&quot;sdp_bottom_promotion&quot;,&quot;isSeeMore&quot;:false}" data-adsplatform="{&quot;viewImpression&quot;: &quot;https://mercury.coupang.com/e.gif?t=102&amp;r=DTLsSnDSfZhbgE8mDQsbaunjnu02DD5aqexTB9fNi2VQL3lMy7v0uVB-N66G4vbZMxXSM8k8oi-wkMvc32kviE49OBRj2dVvqVMpZ2QJ1F1II15kM0mXfMa3sorIlC-7sTkj63Hkq0Awb7tqs8CBOaRJJ34TxzCBBvVeyFbWEW6SYnC4GIkt-or4BlmrMtX27__unmX-AQcjHnMpChKNn_pGB-1RUeXOGGmM627bBif5CawN9335rLwsdUBNSyPqit6RyS9n3ny9MmifILboKJWAz-zzPbNPjUkBBXxTomWCunzNag%3D%3D&quot; }">
    <div class="promotion-item-image">
        <img src="https://thumbnail6.coupangcdn.com/thumbnails/remote/292x292q65ex/image/vendor_inventory/eae3/eec0eaac1b4190f5b3630aa90f8e91fa92a735b50b45fb9f35093ee9d4b9.jpeg" onerror="this.src='//t1a.coupangcdn.com/thumbnails/remote/300x300/image/coupang/common/no_img_1000_1000.png'">
    </div>

    <div class="promotion-badge">
        특가진행중
    </div>


    <div class="promotion-item-info-wrap">

        <div class="item-title-revamp">동영방앗간 저온압착 참기름 수제 100% 국내산 참깨, 1개, 120ml</div>

            <div class="discount-contain">
                <span class="discount-text">와우할인가</span>
                <span class="discount-rate">37%</span>
                <span class="origin-price">21,000</span>
            </div>

        <div class="promotion-item-price-contain">
            <span class="sales-price">13,050</span><span class="sales-price">원</span>
        </div>

            <div class="unit-price">
                (10ml 1,088원)
            </div>

            <div class="pdd-text">
                모레(목) 도착 예정
            </div>

            <div class="delivery-text">
                무료배송
            </div>




            <div class="promotion-item-review-revamp">
                <span class="split-bg item-review-score-bg">
                  <span class="item-review-score split-bg" style="width:100%;">100%</span>
                </span>

                <span class="promotion-item-review-count">(1)</span>
            </div>

            <div class="stock_percent_contain">
                <div class="progress_contain">
                    <div class="progress_position" style="width:96%"></div>
                </div>
                <div class="progress_text">96 % 남음</div>
            </div>

    </div>
</a>
</div></li><li class="promotion-carousel-item" data-item-index="18"><div class="even"><a href="/vp/products/8641966676?vendorItemId=92260380011&amp;sourceType=sdp_bottom_promotion&amp;searchId=feed-528c97d17d964c98b5ce1abbb74d9eed-gw_promotion" data-vendor-item-id="92260380011" data-vendor-id="A00490316" data-product-id="8641966676" data-item-id="25086233407" data-tracking-tag="" data-impression-log-uri="https://mercury.coupang.com/e.gif?t=101&amp;r=qtwmVWTrHz5eWLQNqig1jLPgv062Nz6x50IR4mJ71Up_yhc37PwWtmkcKDr86s5ZNMw7xEFm4oRqV3-dPLBfgBY9t8Jm2lIP2CwitGjJbibyN-Zhhb78t2t8m15xz0BFTcSQhk6zoN_0p0OUKgOqkRoBAT3jGAjFS76Qoqu6auNhOYaHRZkmMESdil04cjkUsE-vGhtU3wTTSfhy6sYZESPGTngt3OgeDVQYZTO55wqOMDJUaaHQSzONPRBEVo_SC3tUSMHJVOC7pptSOdnrNENJi7BndhE7C_9RYIn2ckD9k4GfSqGNX5semg%3D%3D" data-click-log-uri="https://mercury.coupang.com/e.gif?t=100&amp;r=XOWzMxOY0ZXnkFNGXBUT8uLTDSJdCWYvnXGGB2HESnEc730IrllqOLEZDDLUa1LuMff_4lHYbxMjdIS-miSYtl5YAh-4Wi4RNzhblffx3ZG0dAdfFTliRzO_oCJ2B95mWU1u0wF2YN923KMELSRfAf7adClsTB0mEq4MkrPkj6BOzPQc3hRYkFBGnCLfG7h3-o3CcLMccW_ATzKeK5qepxU4HvTvpA2QiJmgmjiUhvNDr_Ph0TjPFl_1NSVCEIMueDeNiBqIXLyfDpeO5HohXKKXv4P7koKfJHWWns1HNvV7nnDsqCg%3D" data-index="18" data-click-logging="{&quot;productId&quot;:8641966676,&quot;vendorItemId&quot;:92260380011,&quot;itemId&quot;:25086233407,&quot;feedId&quot;:&quot;feed-528c97d17d964c98b5ce1abbb74d9eed-gw_promotion&quot;,&quot;trAid&quot;:&quot;sdp_bottom_promotion&quot;,&quot;pageName&quot;:&quot;recommendation&quot;,&quot;domain&quot;:&quot;sdp&quot;,&quot;eventName&quot;:&quot;sdp_bottom_promotion&quot;,&quot;sourceType&quot;:&quot;sdp_bottom_promotion&quot;,&quot;isSeeMore&quot;:false}" data-adsplatform="{&quot;viewImpression&quot;: &quot;https://mercury.coupang.com/e.gif?t=102&amp;r=GBtRgOo_M-2UeHCsGM1NSOrmnM-IYrhounlAnAjmHnHGMdcFG3V4ScGIT3vin5ZQOuhfT1ChsT3iAskgD1_qWVsrtSDG461Afl_kNsNnxR8Loax57ejFmce2hFEJzFtA4NvygIEZZegLmG_CdEeFfXGidwXL8yha_R2OCskwRrw1LxLt11rJ1fIV9K6eL5RFnfIyOSrsaCr25XW9JLfoZ0JJ7rtiudHOKDaQT3u92HE4P7gnnbMxzCCISO_lFHegyVbvL2Yf3We20xD8jUA0dKt0k49MVSIp01Fw7wv-bF2gZudnWQ%3D%3D&quot; }">
    <div class="promotion-item-image">
        <img src="https://thumbnail6.coupangcdn.com/thumbnails/remote/292x292q65ex/image/vendor_inventory/f59d/0948fa4ffd7eba6a2b136835fb3fe935e59c12ff7a9cfd4cd7d7b5a53501.jpg" onerror="this.src='//t1a.coupangcdn.com/thumbnails/remote/300x300/image/coupang/common/no_img_1000_1000.png'">
    </div>

    <div class="promotion-badge">
        특가진행중
    </div>


    <div class="promotion-item-info-wrap">

        <div class="item-title-revamp">바예호 엑스트라버진 올리브유 냉압착 올리브오일, 1개, 500ml</div>

            <div class="discount-contain">
                <span class="discount-text">와우할인가</span>
                <span class="discount-rate">30%</span>
                <span class="origin-price">25,000</span>
            </div>

        <div class="promotion-item-price-contain">
            <span class="sales-price">17,280</span><span class="sales-price">원</span>
        </div>

            <div class="unit-price">
                (100ml 3,456원)
            </div>

            <div class="pdd-text">
                5/30(금) 도착 예정
            </div>

            <div class="delivery-text">
                무료배송
            </div>




            <div class="promotion-item-review-revamp">
                <span class="split-bg item-review-score-bg">
                  <span class="item-review-score split-bg" style="width:100%;">100%</span>
                </span>

                <span class="promotion-item-review-count">(72)</span>
            </div>

            <div class="stock_percent_contain">
                <div class="progress_contain">
                    <div class="progress_position" style="width:99%"></div>
                </div>
                <div class="progress_text">99 % 남음</div>
            </div>

    </div>
</a>
</div></li><li class="promotion-carousel-item" data-item-index="19"><div class="odd"><a href="/vp/products/8590785373?vendorItemId=73681292417&amp;sourceType=sdp_bottom_promotion&amp;searchId=feed-528c97d17d964c98b5ce1abbb74d9eed-gw_promotion" data-vendor-item-id="73681292417" data-vendor-id="A00190617" data-product-id="8590785373" data-item-id="22744279285" data-tracking-tag="" data-impression-log-uri="https://mercury.coupang.com/e.gif?t=101&amp;r=gnn_HBbp7VoeowADgmdQie4Auj9hMoa95EI25G-V-1wpAI9NiahBMzxmluhtmaBlJin2eJYPppGfrDUszTdtWrszNttUYzUBs1MCouqoIff3u1wMS58-d9KodaxyEVOWH-Z1BjZfqgiXcVe-yLFq_7tju7WBPg5P2yeqyKBvZLULv7RyCM1EVga9u1tQIxpdKp_y69Sof8HtZtewa1vlgm2MhkYDkuzdgklGnJoWwJ_Gq0ZQC_05psFqUluybLXlbvqD0zXNx42zwYF8WY1oHq-gOrzD_j_x0G2bJ4sVmLli9M2jKebeYKsXag%3D%3D" data-click-log-uri="https://mercury.coupang.com/e.gif?t=100&amp;r=G9K9aJpJgAsUyxfjGwQnXFpp1654M4qA0krvcYWqFdYm4xkAafK0CsKlItr3Eg4nMtPApOIwqQqU96GqMSfLhNQUm7P64UhiP8oAfx53WHQ3kN1U2i_3IQ-9h9Rp3Ffl1Q_8QZKlbb_p8BgSYkUCAnM3cQrhRHQfiolZbsRq3QiMDlLw3zKC5N8assBFBkeWbzAirHFr9Jt18AeV91IsGfm1ZnFerSNpxhNU2bxkeqevBnAy6HXHT7FMvPBWixHFPK5J8XlOPejmtYQnfHHBJDZXf36R9UBqBgAsZXUERX0qBYSO6Tc%3D" data-index="19" data-click-logging="{&quot;productId&quot;:8590785373,&quot;vendorItemId&quot;:73681292417,&quot;itemId&quot;:22744279285,&quot;feedId&quot;:&quot;feed-528c97d17d964c98b5ce1abbb74d9eed-gw_promotion&quot;,&quot;trAid&quot;:&quot;sdp_bottom_promotion&quot;,&quot;pageName&quot;:&quot;recommendation&quot;,&quot;domain&quot;:&quot;sdp&quot;,&quot;eventName&quot;:&quot;sdp_bottom_promotion&quot;,&quot;sourceType&quot;:&quot;sdp_bottom_promotion&quot;,&quot;isSeeMore&quot;:false}" data-adsplatform="{&quot;viewImpression&quot;: &quot;https://mercury.coupang.com/e.gif?t=102&amp;r=uuaFg-SNFTI2vQGwulx63E7sgeeLgCaiSp9bAyNs6yzoGS28mGJDPVLivIpXotLdDhSIpZCiGEz_I7HBG8HxfrGgjT_3EcylSkbu86FVJtutmU9ysitmUONDu1vFbMx7lLiriWx82PuBbIDj5wdkLS1euD2TbKaNfuKSKFOgDZePF1SXQ5CzfooMzVI1DL23hne9w23jaUf4_7w_e39OBOleq2SAfn8YB2bbwQK3dMcEdMVBtJdSsKGu_G50il9qAqdqq1vlb9jblp76DBLTr1ARclF3p3244nWDpADq000lVmQm9A%3D%3D&quot; }">
    <div class="promotion-item-image">
        <img src="https://thumbnail6.coupangcdn.com/thumbnails/remote/292x292q65ex/image/vendor_inventory/0103/0a6e00256152ceb9a5edb27fd6c578929ea96b6ddef7ec375985ad2110eb.png" onerror="this.src='//t1a.coupangcdn.com/thumbnails/remote/300x300/image/coupang/common/no_img_1000_1000.png'">
    </div>

    <div class="promotion-badge">
        특가진행중
    </div>


    <div class="promotion-item-info-wrap">

        <div class="item-title-revamp">루글리오 엑스트라버진 올리브 오일 페트병 / PET, 1L, 1개</div>

            <div class="discount-contain">
                <span class="discount-text">와우할인가</span>
                <span class="discount-rate">45%</span>
                <span class="origin-price">29,900</span>
            </div>

        <div class="promotion-item-price-contain">
            <span class="sales-price">16,220</span><span class="sales-price">원</span>
        </div>

            <div class="unit-price">
                (100ml 1,622원)
            </div>

            <div class="pdd-text">
                모레(목) 도착 예정
            </div>

            <div class="delivery-text">
                무료배송
            </div>




            <div class="promotion-item-review-revamp">
                <span class="split-bg item-review-score-bg">
                  <span class="item-review-score split-bg" style="width:90%;">90%</span>
                </span>

                <span class="promotion-item-review-count">(125)</span>
            </div>

            <div class="stock_percent_contain">
                <div class="progress_contain">
                    <div class="progress_position" style="width:92%"></div>
                </div>
                <div class="progress_text">92 % 남음</div>
            </div>

    </div>
</a>
</div></li></ul>
            </div>
        </div>
        <a href="javascript:void(0)" class="promotion-carousel-arrow-button prev"></a>
        <a href="javascript:void(0)" class="promotion-carousel-arrow-button next"></a>
    </div>
</div>
</div></div>

<div id="sdp-mid-banner-btf-tab" style="display: none;"></div>

<div id="btfTab" class="tab tab-dock-top" data-reordering-sdp-widgets="true" data-apply-mid-carousel-dco-converting="A">

        <ul class="tab-titles">
            <li name="detail" class="">상품상세</li>
            <li name="review" class="active">상품평 <span class="product-tab-review-count">(90,741)</span></li>
            <li name="qna">상품문의</li>
            <li name="etc">배송/교환/반품 안내</li>
        </ul>

    <ul class="tab-contents">
        <li class="product-detail tab-contents__content">
<div class="prod-selling-point" style="display:none;">
    <div class="prod-selling-point__title">특장점</div>
    <div class="prod-selling-point__content"></div>
</div>
<div>
    <div id="itemBrief" class="product-essential-info  essential-table-collapsed">
        <div class="product-item__table">
            <p class="table-title">필수 표기정보</p>
            <table class="prod-delivery-return-policy-table essential-info-table">
                <colgroup>
                    <col width="150px">
                    <col width="340px">
                    <col width="150px">
                    <col width="*">
                </colgroup>
                <tbody>
                    <tr>
                        <th>제품명</th>
                        <td>컨텐츠참조</td>
                        <th>식품의 유형</th>
                        <td>컨텐츠참조</td>
                    </tr>
                    <tr>
                        <th>생산자 및 소재지</th>
                        <td>Olitalia S.r.l / 서영이앤티㈜ / 이탈리아</td>
                        <th>제조연월일, 소비기한 또는 품질유지기한</th>
                        <td>소비기한(또는 유통기한) : 2025년 10월 14일 이거나 그 이후인 상품</td>
                    </tr>
                    <tr>
                        <th>포장단위별 내용물의 용량(중량), 수량</th>
                        <td>250ml,1개</td>
                        <th>원재료명 및 함량</th>
                        <td>컨텐츠참조</td>
                    </tr>
                    <tr>
                        <th>영양성분</th>
                        <td>컨텐츠참조</td>
                        <th>유전자변형식품에 해당하는 경우의 표시</th>
                        <td>해당없음</td>
                    </tr>
                    <tr>
                        <th>소비자안전을 위한 주의사항</th>
                        <td>컨텐츠 참조</td>
                        <th>수입식품 문구</th>
                        <td>수입식품 안전관리 특별법에 따른 수입신고를 필함</td>
                    </tr>
                    <tr>
                        <th>소비자상담관련 전화번호</th>
                        <td colspan="3">쿠팡고객센터 1577-7011</td>
                    </tr>
                </tbody>
            </table>
            <p class="essential-info-more">
                <a href="javascript:void(0)" class="essential-info-more__btn">필수 표기정보 더보기<span class="essential-info-more__btn__bg">더보기</span></a>
            </p>
        </div>
    </div>
    <div class="custom-ditues"></div>



    <div id="productDetail" class="product-detail-content product-detail-content-new hide-overflow">
        <div class="product-detail-content-inside">
                <div class="vendor-item">
                        <div class="type-IMAGE_NO_SPACE">
                                    <div class="subType-IMAGE">
                                            <img src="//thumbnail10.coupangcdn.com/thumbnails/remote/q89/image/retail/images/1546850209605462-9375cd0f-2bbe-4d17-8397-5013370c1e5c.jpg" onerror="this.src='//t1a.coupangcdn.com/thumbnails/remote/622x622/image/coupang/common/no_img_1000_1000.png'" width="100%" alt="">
                                    </div>
                        </div>
                        <div class="type-IMAGE_NO_SPACE">
                                    <div class="subType-IMAGE">
                                            <img src="//thumbnail6.coupangcdn.com/thumbnails/remote/q89/image/retail/images/4141656883210829-fd3e770f-a712-4265-b606-ae92e40f934e.jpg" onerror="this.src='//t1a.coupangcdn.com/thumbnails/remote/622x622/image/coupang/common/no_img_1000_1000.png'" width="100%" alt="">
                                    </div>
                        </div>
                        <div class="type-IMAGE_NO_SPACE">
                                    <div class="subType-IMAGE">
                                            <img src="//thumbnail8.coupangcdn.com/thumbnails/remote/q89/image/retail/images/4141657048955862-08888eac-d8bf-4b17-9a33-e03b93726875.jpg" onerror="this.src='//t1a.coupangcdn.com/thumbnails/remote/622x622/image/coupang/common/no_img_1000_1000.png'" width="100%" alt="">
                                    </div>
                        </div>
                        <div class="type-IMAGE_NO_SPACE">
                                    <div class="subType-IMAGE">
                                            <img src="//thumbnail10.coupangcdn.com/thumbnails/remote/q89/image/retail/images/4634189188702573-3a1d72df-a884-4e2b-8261-3b0f3c00df5f.jpg" onerror="this.src='//t1a.coupangcdn.com/thumbnails/remote/622x622/image/coupang/common/no_img_1000_1000.png'" width="100%" alt="">
                                    </div>
                        </div>
                </div>
        </div>
        <div class="product-detail-seemore" style="display: block;">
            <div class="product-detail-seemore-btn">
                <h4 data-normal-text="상품정보 더보기" data-expand-text="상품정보 접기"></h4>
            </div>
        </div>
    </div>

</div>
<div id="comparisonList" style="overflow: hidden; padding-top: 30px; display: none;" data-impression-event-name="comparisonlist"></div>
<div id="brandOtherProductsBottom" class="brand-other-products impression-log" data-impression-event-name="brandshop" data-params="{&quot;logLabel&quot;:&quot;brandShop&quot;,&quot;customUrl&quot;:&quot;/sdp_brand_shop_banner&quot;,&quot;productLevel&quot;:&quot;true&quot;}" style="display:none; overflow: hidden; border-top: 1px solid #eee; margin-top: 30px;"></div>
<div id="midCarousel2"><div style="
		width: 38px;
		height: 54px;
		position: absolute;
		z-index: 1;
		top: 50%;
		opacity: 0;
		transition: opacity 0.3s linear 0s;
		margin-top: -27px;
		cursor: pointer;
		left: 0;background: url(//static.coupangcdn.com/image/dragonstone/sdp/PCSDP_imageasset_171215-min.png) -176px -265px no-repeat;
	"></div><div style="
		width: 38px;
		height: 54px;
		position: absolute;
		z-index: 1;
		top: 50%;
		opacity: 0;
		transition: opacity 0.3s linear 0s;
		margin-top: -27px;
		cursor: pointer;
		right: 0;background: url(//static.coupangcdn.com/image/dragonstone/sdp/PCSDP_imageasset_171215-min.png) -223px -265px no-repeat;
	"></div><div style="display: flex; flex-direction: column; background-color: rgba(255, 255, 255, 1); overflow: hidden;" class="cmg-dco-template"><div style="display: flex; flex-direction: row; -webkit-box-sizing: border-box; width: 100%;; height: 54px; min-height: 54px; align-items: center"><div style="-webkit-line-clamp: 1; overflow: hidden; display: -webkit-box!important; -webkit-box-orient: vertical; width: 100%; flex-grow: 1; padding: 0px 0px 0px 6px"><span style="font-size: 18px; font-weight: bold; color: rgba(33, 43, 54, 1); word-break: break-all; vertical-align: middle">이런 상품은 어때요?</span></div><div style="-webkit-line-clamp: 1; overflow: hidden; display: -webkit-box!important; -webkit-box-orient: vertical; min-width: fit-content; width: fit-content; margin: 0px 16px 0px 0px"><span style="font-size: 12px; font-weight: normal; color: rgba(17, 17, 17, 0.3); word-break: break-all; vertical-align: middle">AD</span></div></div><div class="cmg-dco-carousel" style="display: flex; flex-direction: row; -webkit-box-sizing: border-box; width: 100%;; margin: 0px 0px 0px 4px"><div style="display: flex; flex-direction: row; -webkit-box-sizing: border-box; min-width: fit-content; width: fit-content"><div style="display: flex; flex-direction: column; width: 124px; min-width: 124px; margin: 0px 12px 16px 12px" class="cmg-dco-carousel-item cmg-dco-carousel-product" data-adsplatform="{&quot;viewImpression&quot;: &quot;https://mercury.coupang.com/e.gif?r=3e0a5f30-3ac9-11f0-b6b9-8d1501ef4b84%7E2&amp;templateId=3880&quot;}"><div style="width: 124px; min-width: 124px; height: 124px; min-height: 124px; margin: 0px 0px 8px 0px; overflow: hidden"><img src="https://thumbnail14.coupangcdn.com/thumbnails/remote/292x292q65ex/image/vendor_inventory/850e/f929867068ac109e9909fd19b08b1dc1d87c663323b378a8f975902a0138.png" style="vertical-align: top; height: 100%; object-fit: contain;border-radius: 0px 0px 0px 0px;" class="main-image"></div><div style="-webkit-line-clamp: 100; overflow: hidden; display: -webkit-box!important; -webkit-box-orient: vertical; min-width: fit-content; width: fit-content; padding: 0px 0px 6px 0px"><span style="font-size: 12px; font-weight: bold; color: rgba(99, 115, 129, 1); word-break: break-all; vertical-align: middle">무료배송</span></div><div style="-webkit-line-clamp: 2; overflow: hidden; display: -webkit-box!important; -webkit-box-orient: vertical; width: 100%;; margin: 0px 0px 4px 0px"><span style="font-size: 14px; font-weight: normal; color: rgba(33, 43, 54, 1); word-break: break-all; vertical-align: middle" class="product-title">한포유 유기농 엑스트라버진 올리브오일 스틱 피쿠알 스페인 냉압착 올리브유, 6박스, 140g</span></div><div style="display: flex; flex-direction: row; -webkit-box-sizing: border-box; min-width: fit-content; width: fit-content; margin: 0px 0px 4px 0px; align-items: center"><div style="-webkit-line-clamp: 1; overflow: hidden; display: -webkit-box!important; -webkit-box-orient: vertical; min-width: fit-content; width: fit-content; margin: 0px 4px 0px 0px"><span style="font-size: 14px; font-weight: bold; color: rgba(203, 20, 0, 1); word-break: break-all; vertical-align: middle">94,000원</span></div></div><div style="display: flex; flex-direction: column; min-width: fit-content; width: fit-content; margin: 0px 0px 4px 0px"></div><div style="display: flex; flex-direction: row; -webkit-box-sizing: border-box; min-width: fit-content; width: fit-content"></div><div style="display: flex; flex-direction: row; -webkit-box-sizing: border-box; min-width: fit-content; width: fit-content; align-items: flex-end"><div style="display: flex; min-width: fit-content; width: fit-content; height: 13px; min-height: 13px; margin: 0px 2px 0px 0px"><span style="display: block; background-image: url(//static.coupangcdn.com/image/cmg/common/rating-star/RDS.png); background-repeat: no-repeat; width: 60px; height: 12px; background-size: 60px 24px; background-position: 0 -12px"><em style="display: block; background-image: url(//static.coupangcdn.com/image/cmg/common/rating-star/RDS.png); background-repeat: no-repeat; width: 100%; height: 12px; background-size: 60px 24px; background-position: 0 0"></em></span></div><div style="-webkit-line-clamp: 1; overflow: hidden; display: -webkit-box!important; -webkit-box-orient: vertical; min-width: fit-content; width: fit-content"><span style="font-size: 12px; font-weight: normal; color: rgba(118, 134, 149, 1); word-break: break-all; vertical-align: middle">(11)</span></div></div></div><div style="display: flex; flex-direction: column; width: 1px; min-width: 1px; align-self: stretch; margin: 0px 0px 16px 0px; background-color: rgba(238, 238, 238, 1)"></div></div><div style="display: flex; flex-direction: row; -webkit-box-sizing: border-box; min-width: fit-content; width: fit-content"><div style="display: flex; flex-direction: column; width: 124px; min-width: 124px; margin: 0px 12px 16px 12px" class="cmg-dco-carousel-item cmg-dco-carousel-product" data-adsplatform="{&quot;viewImpression&quot;: &quot;https://mercury.coupang.com/e.gif?r=3e0a8640-3ac9-11f0-b71a-cecdc0e44dcb%7E2&amp;templateId=3880&quot;}"><div style="width: 124px; min-width: 124px; height: 124px; min-height: 124px; margin: 0px 0px 8px 0px; overflow: hidden"><img src="https://thumbnail11.coupangcdn.com/thumbnails/remote/292x292q65ex/image/vendor_inventory/9afe/e415ea498cca9f8db4cfacc876ae73dc41d335c902d9ccf8d69a8e4b1594.png" style="vertical-align: top; height: 100%; object-fit: contain;border-radius: 0px 0px 0px 0px;" class="main-image"></div><div style="-webkit-line-clamp: 100; overflow: hidden; display: -webkit-box!important; -webkit-box-orient: vertical; min-width: fit-content; width: fit-content; padding: 0px 0px 6px 0px"><span style="font-size: 12px; font-weight: bold; color: rgba(99, 115, 129, 1); word-break: break-all; vertical-align: middle">무료배송</span></div><div style="-webkit-line-clamp: 2; overflow: hidden; display: -webkit-box!important; -webkit-box-orient: vertical; width: 100%;; margin: 0px 0px 4px 0px"><span style="font-size: 14px; font-weight: normal; color: rgba(33, 43, 54, 1); word-break: break-all; vertical-align: middle" class="product-title">퓨어데이즈 아침엔 100% 유기농 엑스트라버진 올리브오일 스틱 스페인, 150개, 10g</span></div><div style="display: flex; flex-direction: row; -webkit-box-sizing: border-box; min-width: fit-content; width: fit-content; margin: 0px 0px 4px 0px; align-items: center"><div style="-webkit-line-clamp: 1; overflow: hidden; display: -webkit-box!important; -webkit-box-orient: vertical; min-width: fit-content; width: fit-content; margin: 0px 4px 0px 0px"><span style="font-size: 14px; font-weight: bold; color: rgba(203, 20, 0, 1); word-break: break-all; vertical-align: middle">120,000원</span></div></div><div style="display: flex; flex-direction: column; min-width: fit-content; width: fit-content; margin: 0px 0px 4px 0px"></div><div style="display: flex; flex-direction: row; -webkit-box-sizing: border-box; min-width: fit-content; width: fit-content"></div><div style="display: flex; flex-direction: row; -webkit-box-sizing: border-box; min-width: fit-content; width: fit-content; align-items: flex-end"><div style="display: flex; min-width: fit-content; width: fit-content; height: 13px; min-height: 13px; margin: 0px 2px 0px 0px"><span style="display: block; background-image: url(//static.coupangcdn.com/image/cmg/common/rating-star/RDS.png); background-repeat: no-repeat; width: 60px; height: 12px; background-size: 60px 24px; background-position: 0 -12px"><em style="display: block; background-image: url(//static.coupangcdn.com/image/cmg/common/rating-star/RDS.png); background-repeat: no-repeat; width: 100%; height: 12px; background-size: 60px 24px; background-position: 0 0"></em></span></div><div style="-webkit-line-clamp: 1; overflow: hidden; display: -webkit-box!important; -webkit-box-orient: vertical; min-width: fit-content; width: fit-content"><span style="font-size: 12px; font-weight: normal; color: rgba(118, 134, 149, 1); word-break: break-all; vertical-align: middle">(197)</span></div></div></div><div style="display: flex; flex-direction: column; width: 1px; min-width: 1px; align-self: stretch; margin: 0px 0px 16px 0px; background-color: rgba(238, 238, 238, 1)"></div></div><div style="display: flex; flex-direction: row; -webkit-box-sizing: border-box; min-width: fit-content; width: fit-content"><div style="display: flex; flex-direction: column; width: 124px; min-width: 124px; margin: 0px 12px 16px 12px" class="cmg-dco-carousel-item cmg-dco-carousel-product" data-adsplatform="{&quot;viewImpression&quot;: &quot;https://mercury.coupang.com/e.gif?r=3e0a8640-3ac9-11f0-8623-800a90a9346c%7E2&amp;templateId=3880&quot;}"><div style="width: 124px; min-width: 124px; height: 124px; min-height: 124px; margin: 0px 0px 8px 0px; overflow: hidden"><img src="https://thumbnail7.coupangcdn.com/thumbnails/remote/292x292q65ex/image/vendor_inventory/e50b/71ef4cb0b9a423f308e1196f580e413f91ed6eb8a265ae05bacaac6d9b60.jpg" style="vertical-align: top; height: 100%; object-fit: contain;border-radius: 0px 0px 0px 0px;" class="main-image"></div><div style="-webkit-line-clamp: 100; overflow: hidden; display: -webkit-box!important; -webkit-box-orient: vertical; min-width: fit-content; width: fit-content; padding: 0px 0px 6px 0px"><span style="font-size: 12px; font-weight: bold; color: rgba(99, 115, 129, 1); word-break: break-all; vertical-align: middle">무료배송</span></div><div style="-webkit-line-clamp: 2; overflow: hidden; display: -webkit-box!important; -webkit-box-orient: vertical; width: 100%;; margin: 0px 0px 4px 0px"><span style="font-size: 14px; font-weight: normal; color: rgba(33, 43, 54, 1); word-break: break-all; vertical-align: middle" class="product-title">셀게이트 올리브 올라이브 아침엔 유기농 엑스트라버진 올리브오일 100% 스페인, 180개, 10g</span></div><div style="display: flex; flex-direction: row; -webkit-box-sizing: border-box; min-width: fit-content; width: fit-content; margin: 0px 0px 4px 0px; align-items: center"><div style="-webkit-line-clamp: 1; overflow: hidden; display: -webkit-box!important; -webkit-box-orient: vertical; min-width: fit-content; width: fit-content; margin: 0px 4px 0px 0px"><span style="font-size: 14px; font-weight: bold; color: rgba(203, 20, 0, 1); word-break: break-all; vertical-align: middle">198,000원</span></div></div><div style="display: flex; flex-direction: column; min-width: fit-content; width: fit-content; margin: 0px 0px 4px 0px"></div><div style="display: flex; flex-direction: row; -webkit-box-sizing: border-box; min-width: fit-content; width: fit-content"><div style="display: flex; flex-direction: row; -webkit-box-sizing: border-box; min-width: fit-content; width: fit-content; height: 16px; min-height: 16px; padding: 0px 4px 1px 4px; margin: 0px 0px 6px 0px; background-color: rgba(225, 39, 5, 1); border-radius: 4px 4px 4px 4px; align-items: center"><div style="-webkit-line-clamp: 1; overflow: hidden; display: -webkit-box!important; -webkit-box-orient: vertical; min-width: fit-content; width: fit-content; margin: 0px 2px 0px 0px"><span style="font-size: 11px; font-weight: bold; color: rgba(255, 255, 255, 1); word-break: break-all; vertical-align: middle">44%</span></div><div style="-webkit-line-clamp: 1; overflow: hidden; display: -webkit-box!important; -webkit-box-orient: vertical; min-width: fit-content; width: fit-content"><span style="font-size: 11px; font-weight: bold; color: rgba(255, 255, 255, 1); word-break: break-all; vertical-align: middle">할인</span></div></div></div><div style="display: flex; flex-direction: row; -webkit-box-sizing: border-box; min-width: fit-content; width: fit-content; align-items: flex-end"><div style="display: flex; min-width: fit-content; width: fit-content; height: 13px; min-height: 13px; margin: 0px 2px 0px 0px"><span style="display: block; background-image: url(//static.coupangcdn.com/image/cmg/common/rating-star/RDS.png); background-repeat: no-repeat; width: 60px; height: 12px; background-size: 60px 24px; background-position: 0 -12px"><em style="display: block; background-image: url(//static.coupangcdn.com/image/cmg/common/rating-star/RDS.png); background-repeat: no-repeat; width: 90%; height: 12px; background-size: 60px 24px; background-position: 0 0"></em></span></div><div style="-webkit-line-clamp: 1; overflow: hidden; display: -webkit-box!important; -webkit-box-orient: vertical; min-width: fit-content; width: fit-content"><span style="font-size: 12px; font-weight: normal; color: rgba(118, 134, 149, 1); word-break: break-all; vertical-align: middle">(177)</span></div></div></div><div style="display: flex; flex-direction: column; width: 1px; min-width: 1px; align-self: stretch; margin: 0px 0px 16px 0px; background-color: rgba(238, 238, 238, 1)"></div></div><div style="display: flex; flex-direction: row; -webkit-box-sizing: border-box; min-width: fit-content; width: fit-content"><div style="display: flex; flex-direction: column; width: 124px; min-width: 124px; margin: 0px 12px 16px 12px" class="cmg-dco-carousel-item cmg-dco-carousel-product" data-adsplatform="{&quot;viewImpression&quot;: &quot;https://mercury.coupang.com/e.gif?r=3e0a8640-3ac9-11f0-90f9-f5f9dd261beb%7E2&amp;templateId=3880&quot;}"><div style="width: 124px; min-width: 124px; height: 124px; min-height: 124px; margin: 0px 0px 8px 0px; overflow: hidden"><img src="https://thumbnail9.coupangcdn.com/thumbnails/remote/292x292q65ex/image/vendor_inventory/images/ae3b8720-4230-4dc9-9bbc-a35de167f35f5632340001446635369.png" style="vertical-align: top; height: 100%; object-fit: contain;border-radius: 0px 0px 0px 0px;" class="main-image"></div><div style="-webkit-line-clamp: 2; overflow: hidden; display: -webkit-box!important; -webkit-box-orient: vertical; width: 100%;; margin: 0px 0px 4px 0px"><span style="font-size: 14px; font-weight: normal; color: rgba(33, 43, 54, 1); word-break: break-all; vertical-align: middle" class="product-title">올리바즈모 유기농 엑스트라버진 올리브오일 스틱, 90개, 10ml</span></div><div style="display: flex; flex-direction: row; -webkit-box-sizing: border-box; min-width: fit-content; width: fit-content; margin: 0px 0px 4px 0px; align-items: center"><div style="-webkit-line-clamp: 1; overflow: hidden; display: -webkit-box!important; -webkit-box-orient: vertical; min-width: fit-content; width: fit-content; margin: 0px 4px 0px 0px"><span style="font-size: 14px; font-weight: bold; color: rgba(203, 20, 0, 1); word-break: break-all; vertical-align: middle">73,600원</span></div></div><div style="display: flex; flex-direction: column; min-width: fit-content; width: fit-content; margin: 0px 0px 4px 0px"></div><div style="display: flex; flex-direction: row; -webkit-box-sizing: border-box; min-width: fit-content; width: fit-content"></div><div style="min-width: fit-content; width: fit-content; height: 18px; min-height: 18px; padding: 0px 0px 2px 0px; margin: 0px 2px 0px 0px; overflow: hidden"><img src="http://image8.coupangcdn.com/image/coupang/rds/logo/xxxhdpi/logo_rocket_merchant_medium_v3_r3.png" style="vertical-align: top; height: 100%; object-fit: contain;border-radius: 0px 0px 0px 0px;"></div><div style="display: flex; flex-direction: row; -webkit-box-sizing: border-box; min-width: fit-content; width: fit-content; align-items: flex-end"><div style="display: flex; min-width: fit-content; width: fit-content; height: 13px; min-height: 13px; margin: 0px 2px 0px 0px"><span style="display: block; background-image: url(//static.coupangcdn.com/image/cmg/common/rating-star/RDS.png); background-repeat: no-repeat; width: 60px; height: 12px; background-size: 60px 24px; background-position: 0 -12px"><em style="display: block; background-image: url(//static.coupangcdn.com/image/cmg/common/rating-star/RDS.png); background-repeat: no-repeat; width: 100%; height: 12px; background-size: 60px 24px; background-position: 0 0"></em></span></div><div style="-webkit-line-clamp: 1; overflow: hidden; display: -webkit-box!important; -webkit-box-orient: vertical; min-width: fit-content; width: fit-content"><span style="font-size: 12px; font-weight: normal; color: rgba(118, 134, 149, 1); word-break: break-all; vertical-align: middle">(120)</span></div></div></div><div style="display: flex; flex-direction: column; width: 1px; min-width: 1px; align-self: stretch; margin: 0px 0px 16px 0px; background-color: rgba(238, 238, 238, 1)"></div></div><div style="display: flex; flex-direction: row; -webkit-box-sizing: border-box; min-width: fit-content; width: fit-content"><div style="display: flex; flex-direction: column; width: 124px; min-width: 124px; margin: 0px 12px 16px 12px" class="cmg-dco-carousel-item cmg-dco-carousel-product" data-adsplatform="{&quot;viewImpression&quot;: &quot;https://mercury.coupang.com/e.gif?r=3e0a8640-3ac9-11f0-b241-a276f8e5ee3a%7E2&amp;templateId=3880&quot;}"><div style="width: 124px; min-width: 124px; height: 124px; min-height: 124px; margin: 0px 0px 8px 0px; overflow: hidden"><img src="https://thumbnail2.coupangcdn.com/thumbnails/remote/292x292q65ex/image/vendor_inventory/d9b0/2f4dbb0c2f2e0a3677315205957e94aa2a34fdd7580c8c76b7327c6d7d92.jpg" style="vertical-align: top; height: 100%; object-fit: contain;border-radius: 0px 0px 0px 0px;" class="main-image"></div><div style="-webkit-line-clamp: 2; overflow: hidden; display: -webkit-box!important; -webkit-box-orient: vertical; width: 100%;; margin: 0px 0px 4px 0px"><span style="font-size: 14px; font-weight: normal; color: rgba(33, 43, 54, 1); word-break: break-all; vertical-align: middle" class="product-title">브루아오로 올리브 오일, 750ml, 2개</span></div><div style="display: flex; flex-direction: row; -webkit-box-sizing: border-box; min-width: fit-content; width: fit-content; margin: 0px 0px 4px 0px; align-items: center"><div style="-webkit-line-clamp: 1; overflow: hidden; display: -webkit-box!important; -webkit-box-orient: vertical; min-width: fit-content; width: fit-content; margin: 0px 4px 0px 0px"><span style="font-size: 14px; font-weight: bold; color: rgba(203, 20, 0, 1); word-break: break-all; vertical-align: middle">280,500원</span></div></div><div style="display: flex; flex-direction: column; min-width: fit-content; width: fit-content; margin: 0px 0px 4px 0px"></div><div style="display: flex; flex-direction: row; -webkit-box-sizing: border-box; min-width: fit-content; width: fit-content"></div><div style="min-width: fit-content; width: fit-content; height: 18px; min-height: 18px; padding: 0px 0px 2px 0px; margin: 0px 2px 0px 0px; overflow: hidden"><img src="http://image10.coupangcdn.com/image/coupang/rds/logo/xxxhdpi/logo_rocket_merchant_medium_v3_r3.png" style="vertical-align: top; height: 100%; object-fit: contain;border-radius: 0px 0px 0px 0px;"></div><div style="display: flex; flex-direction: row; -webkit-box-sizing: border-box; min-width: fit-content; width: fit-content; align-items: flex-end"><div style="display: flex; min-width: fit-content; width: fit-content; height: 13px; min-height: 13px; margin: 0px 2px 0px 0px"><span style="display: block; background-image: url(//static.coupangcdn.com/image/cmg/common/rating-star/RDS.png); background-repeat: no-repeat; width: 60px; height: 12px; background-size: 60px 24px; background-position: 0 -12px"><em style="display: block; background-image: url(//static.coupangcdn.com/image/cmg/common/rating-star/RDS.png); background-repeat: no-repeat; width: 100%; height: 12px; background-size: 60px 24px; background-position: 0 0"></em></span></div><div style="-webkit-line-clamp: 1; overflow: hidden; display: -webkit-box!important; -webkit-box-orient: vertical; min-width: fit-content; width: fit-content"><span style="font-size: 12px; font-weight: normal; color: rgba(118, 134, 149, 1); word-break: break-all; vertical-align: middle">(2,457)</span></div></div></div><div style="display: flex; flex-direction: column; width: 1px; min-width: 1px; align-self: stretch; margin: 0px 0px 16px 0px; background-color: rgba(238, 238, 238, 1)"></div></div><div style="display: flex; flex-direction: row; -webkit-box-sizing: border-box; min-width: fit-content; width: fit-content"><div style="display: flex; flex-direction: column; width: 124px; min-width: 124px; margin: 0px 12px 16px 12px" class="cmg-dco-carousel-item cmg-dco-carousel-product" data-adsplatform="{&quot;viewImpression&quot;: &quot;https://mercury.coupang.com/e.gif?r=3e0aad50-3ac9-11f0-a5ca-862673d813a9%7E2&amp;templateId=3880&quot;}"><div style="width: 124px; min-width: 124px; height: 124px; min-height: 124px; margin: 0px 0px 8px 0px; overflow: hidden"><img src="https://thumbnail8.coupangcdn.com/thumbnails/remote/292x292q65ex/image/vendor_inventory/5cc8/2fd91b72321b520eb1ddb9529f4214eed5f7d3ae7e313675df30dbf2daa7.jpg" style="vertical-align: top; height: 100%; object-fit: contain;border-radius: 0px 0px 0px 0px;" class="main-image"></div><div style="-webkit-line-clamp: 100; overflow: hidden; display: -webkit-box!important; -webkit-box-orient: vertical; min-width: fit-content; width: fit-content; padding: 0px 0px 6px 0px"><span style="font-size: 12px; font-weight: bold; color: rgba(99, 115, 129, 1); word-break: break-all; vertical-align: middle">무료배송</span></div><div style="-webkit-line-clamp: 2; overflow: hidden; display: -webkit-box!important; -webkit-box-orient: vertical; width: 100%;; margin: 0px 0px 4px 0px"><span style="font-size: 14px; font-weight: normal; color: rgba(33, 43, 54, 1); word-break: break-all; vertical-align: middle" class="product-title">올리브 올라이브 스틱형 올리브오일 유기농 엑스트라버전 그리스산, 84개, 8g</span></div><div style="display: flex; flex-direction: row; -webkit-box-sizing: border-box; min-width: fit-content; width: fit-content; margin: 0px 0px 4px 0px; align-items: center"><div style="-webkit-line-clamp: 1; overflow: hidden; display: -webkit-box!important; -webkit-box-orient: vertical; min-width: fit-content; width: fit-content; margin: 0px 4px 0px 0px"><span style="font-size: 14px; font-weight: bold; color: rgba(203, 20, 0, 1); word-break: break-all; vertical-align: middle">79,890원</span></div></div><div style="display: flex; flex-direction: column; min-width: fit-content; width: fit-content; margin: 0px 0px 4px 0px"></div><div style="display: flex; flex-direction: row; -webkit-box-sizing: border-box; min-width: fit-content; width: fit-content"><div style="display: flex; flex-direction: row; -webkit-box-sizing: border-box; min-width: fit-content; width: fit-content; height: 16px; min-height: 16px; padding: 0px 4px 1px 4px; margin: 0px 0px 6px 0px; background-color: rgba(225, 39, 5, 1); border-radius: 4px 4px 4px 4px; align-items: center"><div style="-webkit-line-clamp: 1; overflow: hidden; display: -webkit-box!important; -webkit-box-orient: vertical; min-width: fit-content; width: fit-content; margin: 0px 2px 0px 0px"><span style="font-size: 11px; font-weight: bold; color: rgba(255, 255, 255, 1); word-break: break-all; vertical-align: middle">61%</span></div><div style="-webkit-line-clamp: 1; overflow: hidden; display: -webkit-box!important; -webkit-box-orient: vertical; min-width: fit-content; width: fit-content"><span style="font-size: 11px; font-weight: bold; color: rgba(255, 255, 255, 1); word-break: break-all; vertical-align: middle">할인</span></div></div></div><div style="display: flex; flex-direction: row; -webkit-box-sizing: border-box; min-width: fit-content; width: fit-content; align-items: flex-end"><div style="display: flex; min-width: fit-content; width: fit-content; height: 13px; min-height: 13px; margin: 0px 2px 0px 0px"><span style="display: block; background-image: url(//static.coupangcdn.com/image/cmg/common/rating-star/RDS.png); background-repeat: no-repeat; width: 60px; height: 12px; background-size: 60px 24px; background-position: 0 -12px"><em style="display: block; background-image: url(//static.coupangcdn.com/image/cmg/common/rating-star/RDS.png); background-repeat: no-repeat; width: 100%; height: 12px; background-size: 60px 24px; background-position: 0 0"></em></span></div><div style="-webkit-line-clamp: 1; overflow: hidden; display: -webkit-box!important; -webkit-box-orient: vertical; min-width: fit-content; width: fit-content"><span style="font-size: 12px; font-weight: normal; color: rgba(118, 134, 149, 1); word-break: break-all; vertical-align: middle">(139)</span></div></div></div><div style="display: flex; flex-direction: column; width: 1px; min-width: 1px; align-self: stretch; margin: 0px 0px 16px 0px; background-color: rgba(238, 238, 238, 1)"></div></div><div style="display: flex; flex-direction: row; -webkit-box-sizing: border-box; min-width: fit-content; width: fit-content"><div style="display: flex; flex-direction: column; width: 124px; min-width: 124px; margin: 0px 12px 16px 12px" class="cmg-dco-carousel-item cmg-dco-carousel-product" data-adsplatform="{&quot;viewImpression&quot;: &quot;https://mercury.coupang.com/e.gif?r=3e0aad50-3ac9-11f0-aed9-c3dd11c1e6b2%7E2&amp;templateId=3880&quot;}"><div style="width: 124px; min-width: 124px; height: 124px; min-height: 124px; margin: 0px 0px 8px 0px; overflow: hidden"><img src="https://thumbnail9.coupangcdn.com/thumbnails/remote/292x292q65ex/image/vendor_inventory/4a3b/77e73969d948bccad6c300e6552a3a931c6042296ecdff884ff5b5da20fb.png" style="vertical-align: top; height: 100%; object-fit: contain;border-radius: 0px 0px 0px 0px;" class="main-image"></div><div style="-webkit-line-clamp: 100; overflow: hidden; display: -webkit-box!important; -webkit-box-orient: vertical; min-width: fit-content; width: fit-content; padding: 0px 0px 6px 0px"><span style="font-size: 12px; font-weight: bold; color: rgba(99, 115, 129, 1); word-break: break-all; vertical-align: middle">무료배송</span></div><div style="-webkit-line-clamp: 2; overflow: hidden; display: -webkit-box!important; -webkit-box-orient: vertical; width: 100%;; margin: 0px 0px 4px 0px"><span style="font-size: 14px; font-weight: normal; color: rgba(33, 43, 54, 1); word-break: break-all; vertical-align: middle" class="product-title">후에르타 로스 까뇨스 유기농 엑스트라 버진 올리브 오일 500ML, 2+1이벤트(에어캡포장), 3개</span></div><div style="display: flex; flex-direction: row; -webkit-box-sizing: border-box; min-width: fit-content; width: fit-content; margin: 0px 0px 4px 0px; align-items: center"><div style="-webkit-line-clamp: 1; overflow: hidden; display: -webkit-box!important; -webkit-box-orient: vertical; min-width: fit-content; width: fit-content; margin: 0px 4px 0px 0px"><span style="font-size: 14px; font-weight: bold; color: rgba(203, 20, 0, 1); word-break: break-all; vertical-align: middle">260,000원</span></div></div><div style="display: flex; flex-direction: column; min-width: fit-content; width: fit-content; margin: 0px 0px 4px 0px"></div><div style="display: flex; flex-direction: row; -webkit-box-sizing: border-box; min-width: fit-content; width: fit-content"></div><div style="display: flex; flex-direction: row; -webkit-box-sizing: border-box; min-width: fit-content; width: fit-content; align-items: flex-end"><div style="display: flex; min-width: fit-content; width: fit-content; height: 13px; min-height: 13px; margin: 0px 2px 0px 0px"><span style="display: block; background-image: url(//static.coupangcdn.com/image/cmg/common/rating-star/RDS.png); background-repeat: no-repeat; width: 60px; height: 12px; background-size: 60px 24px; background-position: 0 -12px"><em style="display: block; background-image: url(//static.coupangcdn.com/image/cmg/common/rating-star/RDS.png); background-repeat: no-repeat; width: 100%; height: 12px; background-size: 60px 24px; background-position: 0 0"></em></span></div><div style="-webkit-line-clamp: 1; overflow: hidden; display: -webkit-box!important; -webkit-box-orient: vertical; min-width: fit-content; width: fit-content"><span style="font-size: 12px; font-weight: normal; color: rgba(118, 134, 149, 1); word-break: break-all; vertical-align: middle">(160)</span></div></div></div><div style="display: flex; flex-direction: column; width: 1px; min-width: 1px; align-self: stretch; margin: 0px 0px 16px 0px; background-color: rgba(238, 238, 238, 1)"></div></div><div style="display: flex; flex-direction: row; -webkit-box-sizing: border-box; min-width: fit-content; width: fit-content"><div style="display: flex; flex-direction: column; width: 124px; min-width: 124px; margin: 0px 12px 16px 12px" class="cmg-dco-carousel-item cmg-dco-carousel-product" data-adsplatform="{&quot;viewImpression&quot;: &quot;https://mercury.coupang.com/e.gif?r=3e0aad50-3ac9-11f0-82fa-9128499039b4%7E2&amp;templateId=3880&quot;}"><div style="width: 124px; min-width: 124px; height: 124px; min-height: 124px; margin: 0px 0px 8px 0px; overflow: hidden"><img src="https://thumbnail7.coupangcdn.com/thumbnails/remote/292x292q65ex/image/vendor_inventory/e687/9c725ad00206415ff2477b7e7920ceb7c83753ba7ddd1a815c32c1165ecd.jpg" style="vertical-align: top; height: 100%; object-fit: contain;border-radius: 0px 0px 0px 0px;" class="main-image"></div><div style="-webkit-line-clamp: 100; overflow: hidden; display: -webkit-box!important; -webkit-box-orient: vertical; min-width: fit-content; width: fit-content; padding: 0px 0px 6px 0px"><span style="font-size: 12px; font-weight: bold; color: rgba(99, 115, 129, 1); word-break: break-all; vertical-align: middle">무료배송</span></div><div style="-webkit-line-clamp: 2; overflow: hidden; display: -webkit-box!important; -webkit-box-orient: vertical; width: 100%;; margin: 0px 0px 4px 0px"><span style="font-size: 14px; font-weight: normal; color: rgba(33, 43, 54, 1); word-break: break-all; vertical-align: middle" class="product-title">베스트오브그린 피쿠알 유기농 엑스트라버진 올리브오일 스틱 15개입, 4박스, 150g</span></div><div style="display: flex; flex-direction: row; -webkit-box-sizing: border-box; min-width: fit-content; width: fit-content; margin: 0px 0px 4px 0px; align-items: center"><div style="-webkit-line-clamp: 1; overflow: hidden; display: -webkit-box!important; -webkit-box-orient: vertical; min-width: fit-content; width: fit-content; margin: 0px 4px 0px 0px"><span style="font-size: 14px; font-weight: bold; color: rgba(203, 20, 0, 1); word-break: break-all; vertical-align: middle">54,900원</span></div></div><div style="display: flex; flex-direction: column; min-width: fit-content; width: fit-content; margin: 0px 0px 4px 0px"></div><div style="display: flex; flex-direction: row; -webkit-box-sizing: border-box; min-width: fit-content; width: fit-content"></div><div style="display: flex; flex-direction: row; -webkit-box-sizing: border-box; min-width: fit-content; width: fit-content; align-items: flex-end"><div style="display: flex; min-width: fit-content; width: fit-content; height: 13px; min-height: 13px; margin: 0px 2px 0px 0px"><span style="display: block; background-image: url(//static.coupangcdn.com/image/cmg/common/rating-star/RDS.png); background-repeat: no-repeat; width: 60px; height: 12px; background-size: 60px 24px; background-position: 0 -12px"><em style="display: block; background-image: url(//static.coupangcdn.com/image/cmg/common/rating-star/RDS.png); background-repeat: no-repeat; width: 100%; height: 12px; background-size: 60px 24px; background-position: 0 0"></em></span></div><div style="-webkit-line-clamp: 1; overflow: hidden; display: -webkit-box!important; -webkit-box-orient: vertical; min-width: fit-content; width: fit-content"><span style="font-size: 12px; font-weight: normal; color: rgba(118, 134, 149, 1); word-break: break-all; vertical-align: middle">(48)</span></div></div></div><div style="display: flex; flex-direction: column; width: 1px; min-width: 1px; align-self: stretch; margin: 0px 0px 16px 0px; background-color: rgba(238, 238, 238, 1)"></div></div><div style="display: flex; flex-direction: row; -webkit-box-sizing: border-box; min-width: fit-content; width: fit-content"><div style="display: flex; flex-direction: column; width: 124px; min-width: 124px; margin: 0px 12px 16px 12px" class="cmg-dco-carousel-item cmg-dco-carousel-product" data-adsplatform="{&quot;viewImpression&quot;: &quot;https://mercury.coupang.com/e.gif?r=3e0aad50-3ac9-11f0-91d5-4ccae8d43f77%7E2&amp;templateId=3880&quot;}"><div style="width: 124px; min-width: 124px; height: 124px; min-height: 124px; margin: 0px 0px 8px 0px; overflow: hidden"><img src="https://thumbnail3.coupangcdn.com/thumbnails/remote/292x292q65ex/image/retail/images/2025/05/13/11/5/f373bff1-19be-4a96-b3e1-5bdc50b24015.png" style="vertical-align: top; height: 100%; object-fit: contain;border-radius: 0px 0px 0px 0px;" class="main-image"></div><div style="-webkit-line-clamp: 2; overflow: hidden; display: -webkit-box!important; -webkit-box-orient: vertical; width: 100%;; margin: 0px 0px 4px 0px"><span style="font-size: 14px; font-weight: normal; color: rgba(33, 43, 54, 1); word-break: break-all; vertical-align: middle" class="product-title">NUON 비우템 유기농 엑스트라버진 올리브오일 스틱 14p, 140g, 5개</span></div><div style="display: flex; flex-direction: row; -webkit-box-sizing: border-box; min-width: fit-content; width: fit-content; margin: 0px 0px 4px 0px; align-items: center"><div style="-webkit-line-clamp: 1; overflow: hidden; display: -webkit-box!important; -webkit-box-orient: vertical; min-width: fit-content; width: fit-content; margin: 0px 4px 0px 0px"><span style="font-size: 14px; font-weight: bold; color: rgba(203, 20, 0, 1); word-break: break-all; vertical-align: middle">75,100원</span></div></div><div style="display: flex; flex-direction: column; min-width: fit-content; width: fit-content; margin: 0px 0px 4px 0px"></div><div style="display: flex; flex-direction: row; -webkit-box-sizing: border-box; min-width: fit-content; width: fit-content"></div><div style="min-width: fit-content; width: fit-content; height: 18px; min-height: 18px; padding: 0px 0px 2px 0px; margin: 0px 2px 0px 0px; overflow: hidden"><img src="http://image1.coupangcdn.com/image/mobile_app/v3/badges/rocket/v3/android/xxxhdpi/rocket_logo.png" style="vertical-align: top; height: 100%; object-fit: contain;border-radius: 0px 0px 0px 0px;"></div><div style="display: flex; flex-direction: row; -webkit-box-sizing: border-box; min-width: fit-content; width: fit-content; align-items: flex-end"><div style="display: flex; min-width: fit-content; width: fit-content; height: 13px; min-height: 13px; margin: 0px 2px 0px 0px"><span style="display: block; background-image: url(//static.coupangcdn.com/image/cmg/common/rating-star/RDS.png); background-repeat: no-repeat; width: 60px; height: 12px; background-size: 60px 24px; background-position: 0 -12px"><em style="display: block; background-image: url(//static.coupangcdn.com/image/cmg/common/rating-star/RDS.png); background-repeat: no-repeat; width: 100%; height: 12px; background-size: 60px 24px; background-position: 0 0"></em></span></div><div style="-webkit-line-clamp: 1; overflow: hidden; display: -webkit-box!important; -webkit-box-orient: vertical; min-width: fit-content; width: fit-content"><span style="font-size: 12px; font-weight: normal; color: rgba(118, 134, 149, 1); word-break: break-all; vertical-align: middle">(131)</span></div></div></div><div style="display: flex; flex-direction: column; width: 1px; min-width: 1px; align-self: stretch; margin: 0px 0px 16px 0px; background-color: rgba(238, 238, 238, 1)"></div></div><div style="display: flex; flex-direction: row; -webkit-box-sizing: border-box; min-width: fit-content; width: fit-content"><div style="display: flex; flex-direction: column; width: 124px; min-width: 124px; margin: 0px 12px 16px 12px" class="cmg-dco-carousel-item cmg-dco-carousel-product" data-adsplatform="{&quot;viewImpression&quot;: &quot;https://mercury.coupang.com/e.gif?r=3e0aad50-3ac9-11f0-ad48-f29f6a75128c%7E2&amp;templateId=3880&quot;}"><div style="width: 124px; min-width: 124px; height: 124px; min-height: 124px; margin: 0px 0px 8px 0px; overflow: hidden"><img src="https://thumbnail14.coupangcdn.com/thumbnails/remote/292x292q65ex/image/vendor_inventory/c9f4/ef3d55d4323e1b99dead5fc5d8ee0389cdce8a774369c75ae0cea1d75335.jpg" style="vertical-align: top; height: 100%; object-fit: contain;border-radius: 0px 0px 0px 0px;" class="main-image"></div><div style="-webkit-line-clamp: 2; overflow: hidden; display: -webkit-box!important; -webkit-box-orient: vertical; width: 100%;; margin: 0px 0px 4px 0px"><span style="font-size: 14px; font-weight: normal; color: rgba(33, 43, 54, 1); word-break: break-all; vertical-align: middle" class="product-title">오로op 엑스트라버진 올리브오일, 2개, 750ml</span></div><div style="display: flex; flex-direction: row; -webkit-box-sizing: border-box; min-width: fit-content; width: fit-content; margin: 0px 0px 4px 0px; align-items: center"><div style="-webkit-line-clamp: 1; overflow: hidden; display: -webkit-box!important; -webkit-box-orient: vertical; min-width: fit-content; width: fit-content; margin: 0px 4px 0px 0px"><span style="font-size: 14px; font-weight: bold; color: rgba(203, 20, 0, 1); word-break: break-all; vertical-align: middle">185,000원</span></div></div><div style="display: flex; flex-direction: column; min-width: fit-content; width: fit-content; margin: 0px 0px 4px 0px"></div><div style="display: flex; flex-direction: row; -webkit-box-sizing: border-box; min-width: fit-content; width: fit-content"></div><div style="min-width: fit-content; width: fit-content; height: 18px; min-height: 18px; padding: 0px 0px 2px 0px; margin: 0px 2px 0px 0px; overflow: hidden"><img src="http://image10.coupangcdn.com/image/coupang/rds/logo/xxxhdpi/logo_rocket_merchant_medium_v3_r3.png" style="vertical-align: top; height: 100%; object-fit: contain;border-radius: 0px 0px 0px 0px;"></div><div style="display: flex; flex-direction: row; -webkit-box-sizing: border-box; min-width: fit-content; width: fit-content; align-items: flex-end"><div style="display: flex; min-width: fit-content; width: fit-content; height: 13px; min-height: 13px; margin: 0px 2px 0px 0px"><span style="display: block; background-image: url(//static.coupangcdn.com/image/cmg/common/rating-star/RDS.png); background-repeat: no-repeat; width: 60px; height: 12px; background-size: 60px 24px; background-position: 0 -12px"><em style="display: block; background-image: url(//static.coupangcdn.com/image/cmg/common/rating-star/RDS.png); background-repeat: no-repeat; width: 100%; height: 12px; background-size: 60px 24px; background-position: 0 0"></em></span></div><div style="-webkit-line-clamp: 1; overflow: hidden; display: -webkit-box!important; -webkit-box-orient: vertical; min-width: fit-content; width: fit-content"><span style="font-size: 12px; font-weight: normal; color: rgba(118, 134, 149, 1); word-break: break-all; vertical-align: middle">(168)</span></div></div></div><div style="display: flex; flex-direction: column; width: 1px; min-width: 1px; align-self: stretch; margin: 0px 0px 16px 0px; background-color: rgba(238, 238, 238, 1)"></div></div><div style="display: flex; flex-direction: row; -webkit-box-sizing: border-box; min-width: fit-content; width: fit-content"><div style="display: flex; flex-direction: column; width: 124px; min-width: 124px; margin: 0px 12px 16px 12px" class="cmg-dco-carousel-item cmg-dco-carousel-product" data-adsplatform="{&quot;viewImpression&quot;: &quot;https://mercury.coupang.com/e.gif?r=3e0aad50-3ac9-11f0-8685-7ae3f56849c3%7E2&amp;templateId=3880&quot;}"><div style="width: 124px; min-width: 124px; height: 124px; min-height: 124px; margin: 0px 0px 8px 0px; overflow: hidden"><img src="https://thumbnail6.coupangcdn.com/thumbnails/remote/292x292q65ex/image/vendor_inventory/9b79/06c96709ef58adf52964099ef1c736c87eadcf5ba63454a6efada4be7594.jpg" style="vertical-align: top; height: 100%; object-fit: contain;border-radius: 0px 0px 0px 0px;" class="main-image"></div><div style="-webkit-line-clamp: 2; overflow: hidden; display: -webkit-box!important; -webkit-box-orient: vertical; width: 100%;; margin: 0px 0px 4px 0px"><span style="font-size: 14px; font-weight: normal; color: rgba(33, 43, 54, 1); word-break: break-all; vertical-align: middle" class="product-title">까사스디후알도 산도0.1 엑스트라버진 햇올리브오일 파르티다리얼, 1개, 500ml</span></div><div style="display: flex; flex-direction: row; -webkit-box-sizing: border-box; min-width: fit-content; width: fit-content; margin: 0px 0px 4px 0px; align-items: center"><div style="-webkit-line-clamp: 1; overflow: hidden; display: -webkit-box!important; -webkit-box-orient: vertical; min-width: fit-content; width: fit-content; margin: 0px 4px 0px 0px"><span style="font-size: 14px; font-weight: bold; color: rgba(203, 20, 0, 1); word-break: break-all; vertical-align: middle">38,000원</span></div></div><div style="display: flex; flex-direction: column; min-width: fit-content; width: fit-content; margin: 0px 0px 4px 0px"></div><div style="display: flex; flex-direction: row; -webkit-box-sizing: border-box; min-width: fit-content; width: fit-content"></div><div style="min-width: fit-content; width: fit-content; height: 18px; min-height: 18px; padding: 0px 0px 2px 0px; margin: 0px 2px 0px 0px; overflow: hidden"><img src="http://image2.coupangcdn.com/image/coupang/rds/logo/xxxhdpi/logo_rocket_merchant_medium_v3_r3.png" style="vertical-align: top; height: 100%; object-fit: contain;border-radius: 0px 0px 0px 0px;"></div><div style="display: flex; flex-direction: row; -webkit-box-sizing: border-box; min-width: fit-content; width: fit-content; align-items: flex-end"><div style="display: flex; min-width: fit-content; width: fit-content; height: 13px; min-height: 13px; margin: 0px 2px 0px 0px"><span style="display: block; background-image: url(//static.coupangcdn.com/image/cmg/common/rating-star/RDS.png); background-repeat: no-repeat; width: 60px; height: 12px; background-size: 60px 24px; background-position: 0 -12px"><em style="display: block; background-image: url(//static.coupangcdn.com/image/cmg/common/rating-star/RDS.png); background-repeat: no-repeat; width: 100%; height: 12px; background-size: 60px 24px; background-position: 0 0"></em></span></div><div style="-webkit-line-clamp: 1; overflow: hidden; display: -webkit-box!important; -webkit-box-orient: vertical; min-width: fit-content; width: fit-content"><span style="font-size: 12px; font-weight: normal; color: rgba(118, 134, 149, 1); word-break: break-all; vertical-align: middle">(25)</span></div></div></div><div style="display: flex; flex-direction: column; width: 1px; min-width: 1px; align-self: stretch; margin: 0px 0px 16px 0px; background-color: rgba(238, 238, 238, 1)"></div></div><div style="display: flex; flex-direction: row; -webkit-box-sizing: border-box; min-width: fit-content; width: fit-content"><div style="display: flex; flex-direction: column; width: 124px; min-width: 124px; margin: 0px 12px 16px 12px" class="cmg-dco-carousel-item cmg-dco-carousel-product" data-adsplatform="{&quot;viewImpression&quot;: &quot;https://mercury.coupang.com/e.gif?r=3e0aad50-3ac9-11f0-9baa-f93a6727167d%7E2&amp;templateId=3880&quot;}"><div style="width: 124px; min-width: 124px; height: 124px; min-height: 124px; margin: 0px 0px 8px 0px; overflow: hidden"><img src="https://thumbnail3.coupangcdn.com/thumbnails/remote/292x292q65ex/image/vendor_inventory/6739/e8403cc3392be5092e545b1a9f576648976808c3a47ddc6673cbcde492e3.jpg" style="vertical-align: top; height: 100%; object-fit: contain;border-radius: 0px 0px 0px 0px;" class="main-image"></div><div style="-webkit-line-clamp: 100; overflow: hidden; display: -webkit-box!important; -webkit-box-orient: vertical; min-width: fit-content; width: fit-content; padding: 0px 0px 6px 0px"><span style="font-size: 12px; font-weight: bold; color: rgba(99, 115, 129, 1); word-break: break-all; vertical-align: middle">무료배송</span></div><div style="-webkit-line-clamp: 2; overflow: hidden; display: -webkit-box!important; -webkit-box-orient: vertical; width: 100%;; margin: 0px 0px 4px 0px"><span style="font-size: 14px; font-weight: normal; color: rgba(33, 43, 54, 1); word-break: break-all; vertical-align: middle" class="product-title">친환경 건강에 좋은 유기농 햇 엑스트라버진 올리브오일 500ml 집들이 선물 폴리페놀 올레오칸탈 고함량 토마토향 데오르테가스, 1개</span></div><div style="display: flex; flex-direction: row; -webkit-box-sizing: border-box; min-width: fit-content; width: fit-content; margin: 0px 0px 4px 0px; align-items: center"><div style="-webkit-line-clamp: 1; overflow: hidden; display: -webkit-box!important; -webkit-box-orient: vertical; min-width: fit-content; width: fit-content; margin: 0px 4px 0px 0px"><span style="font-size: 14px; font-weight: bold; color: rgba(203, 20, 0, 1); word-break: break-all; vertical-align: middle">58,500원</span></div></div><div style="display: flex; flex-direction: column; min-width: fit-content; width: fit-content; margin: 0px 0px 4px 0px"></div><div style="display: flex; flex-direction: row; -webkit-box-sizing: border-box; min-width: fit-content; width: fit-content"></div><div style="display: flex; flex-direction: row; -webkit-box-sizing: border-box; min-width: fit-content; width: fit-content; align-items: flex-end"><div style="display: flex; min-width: fit-content; width: fit-content; height: 13px; min-height: 13px; margin: 0px 2px 0px 0px"><span style="display: block; background-image: url(//static.coupangcdn.com/image/cmg/common/rating-star/RDS.png); background-repeat: no-repeat; width: 60px; height: 12px; background-size: 60px 24px; background-position: 0 -12px"><em style="display: block; background-image: url(//static.coupangcdn.com/image/cmg/common/rating-star/RDS.png); background-repeat: no-repeat; width: 90%; height: 12px; background-size: 60px 24px; background-position: 0 0"></em></span></div><div style="-webkit-line-clamp: 1; overflow: hidden; display: -webkit-box!important; -webkit-box-orient: vertical; min-width: fit-content; width: fit-content"><span style="font-size: 12px; font-weight: normal; color: rgba(118, 134, 149, 1); word-break: break-all; vertical-align: middle">(335)</span></div></div></div><div style="display: flex; flex-direction: column; width: 1px; min-width: 1px; align-self: stretch; margin: 0px 0px 16px 0px; background-color: rgba(238, 238, 238, 1)"></div></div><div style="display: flex; flex-direction: row; -webkit-box-sizing: border-box; min-width: fit-content; width: fit-content"><div style="display: flex; flex-direction: column; width: 124px; min-width: 124px; margin: 0px 12px 16px 12px" class="cmg-dco-carousel-item cmg-dco-carousel-product" data-adsplatform="{&quot;viewImpression&quot;: &quot;https://mercury.coupang.com/e.gif?r=3e0ad460-3ac9-11f0-8711-74a7e12794b6%7E2&amp;templateId=3880&quot;}"><div style="width: 124px; min-width: 124px; height: 124px; min-height: 124px; margin: 0px 0px 8px 0px; overflow: hidden"><img src="https://thumbnail5.coupangcdn.com/thumbnails/remote/292x292q65ex/image/vendor_inventory/2249/995ec722e5d648cee3c1d6af93691a7b9d7feec19f6d48424158e9b95fb1.jpg" style="vertical-align: top; height: 100%; object-fit: contain;border-radius: 0px 0px 0px 0px;" class="main-image"></div><div style="-webkit-line-clamp: 100; overflow: hidden; display: -webkit-box!important; -webkit-box-orient: vertical; min-width: fit-content; width: fit-content; padding: 0px 0px 6px 0px"><span style="font-size: 12px; font-weight: bold; color: rgba(99, 115, 129, 1); word-break: break-all; vertical-align: middle">무료배송</span></div><div style="-webkit-line-clamp: 2; overflow: hidden; display: -webkit-box!important; -webkit-box-orient: vertical; width: 100%;; margin: 0px 0px 4px 0px"><span style="font-size: 14px; font-weight: normal; color: rgba(33, 43, 54, 1); word-break: break-all; vertical-align: middle" class="product-title">[스크래치상품] 발레마히나 엑스트라버진 올리브오일 750ml, 1개</span></div><div style="display: flex; flex-direction: row; -webkit-box-sizing: border-box; min-width: fit-content; width: fit-content; margin: 0px 0px 4px 0px; align-items: center"><div style="-webkit-line-clamp: 1; overflow: hidden; display: -webkit-box!important; -webkit-box-orient: vertical; min-width: fit-content; width: fit-content; margin: 0px 4px 0px 0px"><span style="font-size: 14px; font-weight: bold; color: rgba(203, 20, 0, 1); word-break: break-all; vertical-align: middle">80,000원</span></div></div><div style="display: flex; flex-direction: column; min-width: fit-content; width: fit-content; margin: 0px 0px 4px 0px"></div><div style="display: flex; flex-direction: row; -webkit-box-sizing: border-box; min-width: fit-content; width: fit-content"></div><div style="display: flex; flex-direction: row; -webkit-box-sizing: border-box; min-width: fit-content; width: fit-content; align-items: flex-end"><div style="display: flex; min-width: fit-content; width: fit-content; height: 13px; min-height: 13px; margin: 0px 2px 0px 0px"><span style="display: block; background-image: url(//static.coupangcdn.com/image/cmg/common/rating-star/RDS.png); background-repeat: no-repeat; width: 60px; height: 12px; background-size: 60px 24px; background-position: 0 -12px"><em style="display: block; background-image: url(//static.coupangcdn.com/image/cmg/common/rating-star/RDS.png); background-repeat: no-repeat; width: 100%; height: 12px; background-size: 60px 24px; background-position: 0 0"></em></span></div><div style="-webkit-line-clamp: 1; overflow: hidden; display: -webkit-box!important; -webkit-box-orient: vertical; min-width: fit-content; width: fit-content"><span style="font-size: 12px; font-weight: normal; color: rgba(118, 134, 149, 1); word-break: break-all; vertical-align: middle">(56)</span></div></div></div><div style="display: flex; flex-direction: column; width: 1px; min-width: 1px; align-self: stretch; margin: 0px 0px 16px 0px; background-color: rgba(238, 238, 238, 1)"></div></div><div style="display: flex; flex-direction: row; -webkit-box-sizing: border-box; min-width: fit-content; width: fit-content"><div style="display: flex; flex-direction: column; width: 124px; min-width: 124px; margin: 0px 12px 16px 12px" class="cmg-dco-carousel-item cmg-dco-carousel-product" data-adsplatform="{&quot;viewImpression&quot;: &quot;https://mercury.coupang.com/e.gif?r=3e0ad460-3ac9-11f0-b933-40acd63de666%7E2&amp;templateId=3880&quot;}"><div style="width: 124px; min-width: 124px; height: 124px; min-height: 124px; margin: 0px 0px 8px 0px; overflow: hidden"><img src="https://thumbnail8.coupangcdn.com/thumbnails/remote/292x292q65ex/image/vendor_inventory/4b72/9762cd712dd3af14b6ed7deddf75928b229bd73e581bdc9966832fab2572.jpg" style="vertical-align: top; height: 100%; object-fit: contain;border-radius: 0px 0px 0px 0px;" class="main-image"></div><div style="-webkit-line-clamp: 2; overflow: hidden; display: -webkit-box!important; -webkit-box-orient: vertical; width: 100%;; margin: 0px 0px 4px 0px"><span style="font-size: 14px; font-weight: normal; color: rgba(33, 43, 54, 1); word-break: break-all; vertical-align: middle" class="product-title">코린토 그리스 올리브오일 엑스트라 버진 폴리페놀 공복 선물세트, 1개, 500ml</span></div><div style="display: flex; flex-direction: row; -webkit-box-sizing: border-box; min-width: fit-content; width: fit-content; margin: 0px 0px 4px 0px; align-items: center"><div style="-webkit-line-clamp: 1; overflow: hidden; display: -webkit-box!important; -webkit-box-orient: vertical; min-width: fit-content; width: fit-content; margin: 0px 4px 0px 0px"><span style="font-size: 14px; font-weight: bold; color: rgba(203, 20, 0, 1); word-break: break-all; vertical-align: middle">58,990원</span></div></div><div style="display: flex; flex-direction: column; min-width: fit-content; width: fit-content; margin: 0px 0px 4px 0px"></div><div style="display: flex; flex-direction: row; -webkit-box-sizing: border-box; min-width: fit-content; width: fit-content"></div><div style="min-width: fit-content; width: fit-content; height: 18px; min-height: 18px; padding: 0px 0px 2px 0px; margin: 0px 2px 0px 0px; overflow: hidden"><img src="http://image14.coupangcdn.com/image/coupang/rds/logo/xxxhdpi/logo_rocket_merchant_medium_v3_r3.png" style="vertical-align: top; height: 100%; object-fit: contain;border-radius: 0px 0px 0px 0px;"></div><div style="display: flex; flex-direction: row; -webkit-box-sizing: border-box; min-width: fit-content; width: fit-content; align-items: flex-end"><div style="display: flex; min-width: fit-content; width: fit-content; height: 13px; min-height: 13px; margin: 0px 2px 0px 0px"><span style="display: block; background-image: url(//static.coupangcdn.com/image/cmg/common/rating-star/RDS.png); background-repeat: no-repeat; width: 60px; height: 12px; background-size: 60px 24px; background-position: 0 -12px"><em style="display: block; background-image: url(//static.coupangcdn.com/image/cmg/common/rating-star/RDS.png); background-repeat: no-repeat; width: 100%; height: 12px; background-size: 60px 24px; background-position: 0 0"></em></span></div><div style="-webkit-line-clamp: 1; overflow: hidden; display: -webkit-box!important; -webkit-box-orient: vertical; min-width: fit-content; width: fit-content"><span style="font-size: 12px; font-weight: normal; color: rgba(118, 134, 149, 1); word-break: break-all; vertical-align: middle">(170)</span></div></div></div><div style="display: flex; flex-direction: column; width: 1px; min-width: 1px; align-self: stretch; margin: 0px 0px 16px 0px; background-color: rgba(238, 238, 238, 1)"></div></div><div style="display: flex; flex-direction: row; -webkit-box-sizing: border-box; min-width: fit-content; width: fit-content"><div style="display: flex; flex-direction: column; width: 124px; min-width: 124px; margin: 0px 12px 16px 12px" class="cmg-dco-carousel-item cmg-dco-carousel-product" data-adsplatform="{&quot;viewImpression&quot;: &quot;https://mercury.coupang.com/e.gif?r=3e0ad460-3ac9-11f0-bbc6-a04f998b6fd6%7E2&amp;templateId=3880&quot;}"><div style="width: 124px; min-width: 124px; height: 124px; min-height: 124px; margin: 0px 0px 8px 0px; overflow: hidden"><img src="https://thumbnail3.coupangcdn.com/thumbnails/remote/292x292q65ex/image/vendor_inventory/a4ef/10f759e1c1517ca2029dbf5f4ed77e738361f85c0ea2d1006907e1ebe238.jpg" style="vertical-align: top; height: 100%; object-fit: contain;border-radius: 0px 0px 0px 0px;" class="main-image"></div><div style="-webkit-line-clamp: 100; overflow: hidden; display: -webkit-box!important; -webkit-box-orient: vertical; min-width: fit-content; width: fit-content; padding: 0px 0px 6px 0px"><span style="font-size: 12px; font-weight: bold; color: rgba(99, 115, 129, 1); word-break: break-all; vertical-align: middle">무료배송</span></div><div style="-webkit-line-clamp: 2; overflow: hidden; display: -webkit-box!important; -webkit-box-orient: vertical; width: 100%;; margin: 0px 0px 4px 0px"><span style="font-size: 14px; font-weight: normal; color: rgba(33, 43, 54, 1); word-break: break-all; vertical-align: middle" class="product-title">스페인 알파라마야 엑스트라버진 냉압착 올리브오일 500ml, 4개</span></div><div style="display: flex; flex-direction: row; -webkit-box-sizing: border-box; min-width: fit-content; width: fit-content; margin: 0px 0px 4px 0px; align-items: center"><div style="-webkit-line-clamp: 1; overflow: hidden; display: -webkit-box!important; -webkit-box-orient: vertical; min-width: fit-content; width: fit-content; margin: 0px 4px 0px 0px"><span style="font-size: 14px; font-weight: bold; color: rgba(203, 20, 0, 1); word-break: break-all; vertical-align: middle">118,300원</span></div></div><div style="display: flex; flex-direction: column; min-width: fit-content; width: fit-content; margin: 0px 0px 4px 0px"></div><div style="display: flex; flex-direction: row; -webkit-box-sizing: border-box; min-width: fit-content; width: fit-content"></div><div style="display: flex; flex-direction: row; -webkit-box-sizing: border-box; min-width: fit-content; width: fit-content; align-items: flex-end"><div style="display: flex; min-width: fit-content; width: fit-content; height: 13px; min-height: 13px; margin: 0px 2px 0px 0px"><span style="display: block; background-image: url(//static.coupangcdn.com/image/cmg/common/rating-star/RDS.png); background-repeat: no-repeat; width: 60px; height: 12px; background-size: 60px 24px; background-position: 0 -12px"><em style="display: block; background-image: url(//static.coupangcdn.com/image/cmg/common/rating-star/RDS.png); background-repeat: no-repeat; width: 100%; height: 12px; background-size: 60px 24px; background-position: 0 0"></em></span></div><div style="-webkit-line-clamp: 1; overflow: hidden; display: -webkit-box!important; -webkit-box-orient: vertical; min-width: fit-content; width: fit-content"><span style="font-size: 12px; font-weight: normal; color: rgba(118, 134, 149, 1); word-break: break-all; vertical-align: middle">(464)</span></div></div></div><div style="display: flex; flex-direction: column; width: 1px; min-width: 1px; align-self: stretch; margin: 0px 0px 16px 0px; background-color: rgba(238, 238, 238, 1)"></div></div><div style="display: flex; flex-direction: row; -webkit-box-sizing: border-box; min-width: fit-content; width: fit-content"><div style="display: flex; flex-direction: column; width: 124px; min-width: 124px; margin: 0px 12px 16px 12px" class="cmg-dco-carousel-item cmg-dco-carousel-product" data-adsplatform="{&quot;viewImpression&quot;: &quot;https://mercury.coupang.com/e.gif?r=3e0ad460-3ac9-11f0-8a73-0d2f6ccc267d%7E2&amp;templateId=3880&quot;}"><div style="width: 124px; min-width: 124px; height: 124px; min-height: 124px; margin: 0px 0px 8px 0px; overflow: hidden"><img src="https://thumbnail13.coupangcdn.com/thumbnails/remote/292x292q65ex/image/vendor_inventory/f282/c4078350774ccc02ed1eff864b7a0612629bc3056113a3b9666b220d5f5c.jpg" style="vertical-align: top; height: 100%; object-fit: contain;border-radius: 0px 0px 0px 0px;" class="main-image"></div><div style="-webkit-line-clamp: 2; overflow: hidden; display: -webkit-box!important; -webkit-box-orient: vertical; width: 100%;; margin: 0px 0px 4px 0px"><span style="font-size: 14px; font-weight: normal; color: rgba(33, 43, 54, 1); word-break: break-all; vertical-align: middle" class="product-title">라고챠도로 퓨도토 유기농 DOP인증 산도 0.08 프리미엄 올리브오일, 1개, 500ml</span></div><div style="display: flex; flex-direction: row; -webkit-box-sizing: border-box; min-width: fit-content; width: fit-content; margin: 0px 0px 4px 0px; align-items: center"><div style="-webkit-line-clamp: 1; overflow: hidden; display: -webkit-box!important; -webkit-box-orient: vertical; min-width: fit-content; width: fit-content; margin: 0px 4px 0px 0px"><span style="font-size: 14px; font-weight: bold; color: rgba(203, 20, 0, 1); word-break: break-all; vertical-align: middle">79,800원</span></div></div><div style="display: flex; flex-direction: column; min-width: fit-content; width: fit-content; margin: 0px 0px 4px 0px"></div><div style="display: flex; flex-direction: row; -webkit-box-sizing: border-box; min-width: fit-content; width: fit-content"></div><div style="min-width: fit-content; width: fit-content; height: 18px; min-height: 18px; padding: 0px 0px 2px 0px; margin: 0px 2px 0px 0px; overflow: hidden"><img src="http://image5.coupangcdn.com/image/coupang/rds/logo/xxxhdpi/logo_rocket_merchant_medium_v3_r3.png" style="vertical-align: top; height: 100%; object-fit: contain;border-radius: 0px 0px 0px 0px;"></div><div style="display: flex; flex-direction: row; -webkit-box-sizing: border-box; min-width: fit-content; width: fit-content; align-items: flex-end"><div style="display: flex; min-width: fit-content; width: fit-content; height: 13px; min-height: 13px; margin: 0px 2px 0px 0px"><span style="display: block; background-image: url(//static.coupangcdn.com/image/cmg/common/rating-star/RDS.png); background-repeat: no-repeat; width: 60px; height: 12px; background-size: 60px 24px; background-position: 0 -12px"><em style="display: block; background-image: url(//static.coupangcdn.com/image/cmg/common/rating-star/RDS.png); background-repeat: no-repeat; width: 100%; height: 12px; background-size: 60px 24px; background-position: 0 0"></em></span></div><div style="-webkit-line-clamp: 1; overflow: hidden; display: -webkit-box!important; -webkit-box-orient: vertical; min-width: fit-content; width: fit-content"><span style="font-size: 12px; font-weight: normal; color: rgba(118, 134, 149, 1); word-break: break-all; vertical-align: middle">(48)</span></div></div></div><div style="display: flex; flex-direction: column; width: 1px; min-width: 1px; align-self: stretch; margin: 0px 0px 16px 0px; background-color: rgba(238, 238, 238, 1)"></div></div><div style="display: flex; flex-direction: row; -webkit-box-sizing: border-box; min-width: fit-content; width: fit-content"><div style="display: flex; flex-direction: column; width: 124px; min-width: 124px; margin: 0px 12px 16px 12px" class="cmg-dco-carousel-item cmg-dco-carousel-product" data-adsplatform="{&quot;viewImpression&quot;: &quot;https://mercury.coupang.com/e.gif?r=3e0ad460-3ac9-11f0-9eda-46165b1e89aa%7E2&amp;templateId=3880&quot;}"><div style="width: 124px; min-width: 124px; height: 124px; min-height: 124px; margin: 0px 0px 8px 0px; overflow: hidden"><img src="https://thumbnail8.coupangcdn.com/thumbnails/remote/292x292q65ex/image/vendor_inventory/f8dd/32230d60d2e9a7931a4423b19fae51e8412d0d3522e13ecd4652ab517c3a.png" style="vertical-align: top; height: 100%; object-fit: contain;border-radius: 0px 0px 0px 0px;" class="main-image"></div><div style="-webkit-line-clamp: 2; overflow: hidden; display: -webkit-box!important; -webkit-box-orient: vertical; width: 100%;; margin: 0px 0px 4px 0px"><span style="font-size: 14px; font-weight: normal; color: rgba(33, 43, 54, 1); word-break: break-all; vertical-align: middle" class="product-title">마지시모 올리브오일 가열용 요리용, 1개</span></div><div style="display: flex; flex-direction: row; -webkit-box-sizing: border-box; min-width: fit-content; width: fit-content; margin: 0px 0px 4px 0px; align-items: center"><div style="-webkit-line-clamp: 1; overflow: hidden; display: -webkit-box!important; -webkit-box-orient: vertical; min-width: fit-content; width: fit-content; margin: 0px 4px 0px 0px"><span style="font-size: 14px; font-weight: bold; color: rgba(203, 20, 0, 1); word-break: break-all; vertical-align: middle">39,000원</span></div></div><div style="display: flex; flex-direction: column; min-width: fit-content; width: fit-content; margin: 0px 0px 4px 0px"></div><div style="display: flex; flex-direction: row; -webkit-box-sizing: border-box; min-width: fit-content; width: fit-content"></div><div style="min-width: fit-content; width: fit-content; height: 18px; min-height: 18px; padding: 0px 0px 2px 0px; margin: 0px 2px 0px 0px; overflow: hidden"><img src="http://image9.coupangcdn.com/image/coupang/rds/logo/xxxhdpi/logo_rocket_merchant_medium_v3_r3.png" style="vertical-align: top; height: 100%; object-fit: contain;border-radius: 0px 0px 0px 0px;"></div><div style="display: flex; flex-direction: row; -webkit-box-sizing: border-box; min-width: fit-content; width: fit-content; align-items: flex-end"><div style="display: flex; min-width: fit-content; width: fit-content; height: 13px; min-height: 13px; margin: 0px 2px 0px 0px"><span style="display: block; background-image: url(//static.coupangcdn.com/image/cmg/common/rating-star/RDS.png); background-repeat: no-repeat; width: 60px; height: 12px; background-size: 60px 24px; background-position: 0 -12px"><em style="display: block; background-image: url(//static.coupangcdn.com/image/cmg/common/rating-star/RDS.png); background-repeat: no-repeat; width: 100%; height: 12px; background-size: 60px 24px; background-position: 0 0"></em></span></div><div style="-webkit-line-clamp: 1; overflow: hidden; display: -webkit-box!important; -webkit-box-orient: vertical; min-width: fit-content; width: fit-content"><span style="font-size: 12px; font-weight: normal; color: rgba(118, 134, 149, 1); word-break: break-all; vertical-align: middle">(16)</span></div></div></div><div style="display: flex; flex-direction: column; width: 1px; min-width: 1px; align-self: stretch; margin: 0px 0px 16px 0px; background-color: rgba(238, 238, 238, 1)"></div></div><div style="display: flex; flex-direction: row; -webkit-box-sizing: border-box; min-width: fit-content; width: fit-content"><div style="display: flex; flex-direction: column; width: 124px; min-width: 124px; margin: 0px 12px 16px 12px" class="cmg-dco-carousel-item cmg-dco-carousel-product" data-adsplatform="{&quot;viewImpression&quot;: &quot;https://mercury.coupang.com/e.gif?r=3e0ad460-3ac9-11f0-a44f-b2f8cb332c77%7E2&amp;templateId=3880&quot;}"><div style="width: 124px; min-width: 124px; height: 124px; min-height: 124px; margin: 0px 0px 8px 0px; overflow: hidden"><img src="https://thumbnail15.coupangcdn.com/thumbnails/remote/292x292q65ex/image/vendor_inventory/e770/869de0c8bc3433034e04c359135f3129ea8e2054d377b0123519681232de.jpg" style="vertical-align: top; height: 100%; object-fit: contain;border-radius: 0px 0px 0px 0px;" class="main-image"></div><div style="-webkit-line-clamp: 2; overflow: hidden; display: -webkit-box!important; -webkit-box-orient: vertical; width: 100%;; margin: 0px 0px 4px 0px"><span style="font-size: 14px; font-weight: normal; color: rgba(33, 43, 54, 1); word-break: break-all; vertical-align: middle" class="product-title">에르무스 엑스트라버진 올리브오일, 500ml, 1개</span></div><div style="display: flex; flex-direction: row; -webkit-box-sizing: border-box; min-width: fit-content; width: fit-content; margin: 0px 0px 4px 0px; align-items: center"><div style="-webkit-line-clamp: 1; overflow: hidden; display: -webkit-box!important; -webkit-box-orient: vertical; min-width: fit-content; width: fit-content; margin: 0px 4px 0px 0px"><span style="font-size: 14px; font-weight: bold; color: rgba(203, 20, 0, 1); word-break: break-all; vertical-align: middle">72,000원</span></div></div><div style="display: flex; flex-direction: column; min-width: fit-content; width: fit-content; margin: 0px 0px 4px 0px"></div><div style="display: flex; flex-direction: row; -webkit-box-sizing: border-box; min-width: fit-content; width: fit-content"></div><div style="min-width: fit-content; width: fit-content; height: 18px; min-height: 18px; padding: 0px 0px 2px 0px; margin: 0px 2px 0px 0px; overflow: hidden"><img src="http://image4.coupangcdn.com/image/coupang/rds/logo/xxxhdpi/logo_rocket_merchant_medium_v3_r3.png" style="vertical-align: top; height: 100%; object-fit: contain;border-radius: 0px 0px 0px 0px;"></div><div style="display: flex; flex-direction: row; -webkit-box-sizing: border-box; min-width: fit-content; width: fit-content; align-items: flex-end"><div style="display: flex; min-width: fit-content; width: fit-content; height: 13px; min-height: 13px; margin: 0px 2px 0px 0px"><span style="display: block; background-image: url(//static.coupangcdn.com/image/cmg/common/rating-star/RDS.png); background-repeat: no-repeat; width: 60px; height: 12px; background-size: 60px 24px; background-position: 0 -12px"><em style="display: block; background-image: url(//static.coupangcdn.com/image/cmg/common/rating-star/RDS.png); background-repeat: no-repeat; width: 100%; height: 12px; background-size: 60px 24px; background-position: 0 0"></em></span></div><div style="-webkit-line-clamp: 1; overflow: hidden; display: -webkit-box!important; -webkit-box-orient: vertical; min-width: fit-content; width: fit-content"><span style="font-size: 12px; font-weight: normal; color: rgba(118, 134, 149, 1); word-break: break-all; vertical-align: middle">(981)</span></div></div></div><div style="display: flex; flex-direction: column; width: 1px; min-width: 1px; align-self: stretch; margin: 0px 0px 16px 0px; background-color: rgba(238, 238, 238, 1)"></div></div><div style="display: flex; flex-direction: row; -webkit-box-sizing: border-box; min-width: fit-content; width: fit-content"><div style="display: flex; flex-direction: column; width: 124px; min-width: 124px; margin: 0px 12px 16px 12px" class="cmg-dco-carousel-item cmg-dco-carousel-product" data-adsplatform="{&quot;viewImpression&quot;: &quot;https://mercury.coupang.com/e.gif?r=3e0ad460-3ac9-11f0-a463-e497fc42269c%7E2&amp;templateId=3880&quot;}"><div style="width: 124px; min-width: 124px; height: 124px; min-height: 124px; margin: 0px 0px 8px 0px; overflow: hidden"><img src="https://thumbnail10.coupangcdn.com/thumbnails/remote/292x292q65ex/image/vendor_inventory/abf7/5837ecb3a661f07ad1b1918eb688704417a19af56e3f53375bc33b213e76.jpg" style="vertical-align: top; height: 100%; object-fit: contain;border-radius: 0px 0px 0px 0px;" class="main-image"></div><div style="-webkit-line-clamp: 100; overflow: hidden; display: -webkit-box!important; -webkit-box-orient: vertical; min-width: fit-content; width: fit-content; padding: 0px 0px 6px 0px"><span style="font-size: 12px; font-weight: bold; color: rgba(99, 115, 129, 1); word-break: break-all; vertical-align: middle">무료배송</span></div><div style="-webkit-line-clamp: 2; overflow: hidden; display: -webkit-box!important; -webkit-box-orient: vertical; width: 100%;; margin: 0px 0px 4px 0px"><span style="font-size: 14px; font-weight: normal; color: rgba(33, 43, 54, 1); word-break: break-all; vertical-align: middle" class="product-title">푸엔케사다 500ml 1개 산도 0.09 175년 역사 햇 올리브 [디오팜] 스페인 프리미엄 피쿠알 엑스트라버진 올리브오일(FUENQUESADA)</span></div><div style="display: flex; flex-direction: row; -webkit-box-sizing: border-box; min-width: fit-content; width: fit-content; margin: 0px 0px 4px 0px; align-items: center"><div style="-webkit-line-clamp: 1; overflow: hidden; display: -webkit-box!important; -webkit-box-orient: vertical; min-width: fit-content; width: fit-content; margin: 0px 4px 0px 0px"><span style="font-size: 14px; font-weight: bold; color: rgba(203, 20, 0, 1); word-break: break-all; vertical-align: middle">107,000원</span></div></div><div style="display: flex; flex-direction: column; min-width: fit-content; width: fit-content; margin: 0px 0px 4px 0px"></div><div style="display: flex; flex-direction: row; -webkit-box-sizing: border-box; min-width: fit-content; width: fit-content"></div><div style="display: flex; flex-direction: row; -webkit-box-sizing: border-box; min-width: fit-content; width: fit-content; align-items: flex-end"><div style="display: flex; min-width: fit-content; width: fit-content; height: 13px; min-height: 13px; margin: 0px 2px 0px 0px"><span style="display: block; background-image: url(//static.coupangcdn.com/image/cmg/common/rating-star/RDS.png); background-repeat: no-repeat; width: 60px; height: 12px; background-size: 60px 24px; background-position: 0 -12px"><em style="display: block; background-image: url(//static.coupangcdn.com/image/cmg/common/rating-star/RDS.png); background-repeat: no-repeat; width: 100%; height: 12px; background-size: 60px 24px; background-position: 0 0"></em></span></div><div style="-webkit-line-clamp: 1; overflow: hidden; display: -webkit-box!important; -webkit-box-orient: vertical; min-width: fit-content; width: fit-content"><span style="font-size: 12px; font-weight: normal; color: rgba(118, 134, 149, 1); word-break: break-all; vertical-align: middle">(10)</span></div></div></div><div style="display: flex; flex-direction: column; width: 1px; min-width: 1px; align-self: stretch; margin: 0px 0px 16px 0px; background-color: rgba(238, 238, 238, 1)"></div></div><div style="display: flex; flex-direction: row; -webkit-box-sizing: border-box; min-width: fit-content; width: fit-content"><div style="display: flex; flex-direction: column; width: 124px; min-width: 124px; margin: 0px 12px 16px 12px" class="cmg-dco-carousel-item cmg-dco-carousel-product" data-adsplatform="{&quot;viewImpression&quot;: &quot;https://mercury.coupang.com/e.gif?r=3e0afb70-3ac9-11f0-bf4f-c1d539638208%7E2&amp;templateId=3880&quot;}"><div style="width: 124px; min-width: 124px; height: 124px; min-height: 124px; margin: 0px 0px 8px 0px; overflow: hidden"><img src="https://thumbnail13.coupangcdn.com/thumbnails/remote/292x292q65ex/image/vendor_inventory/391d/31f7709e935cbb777687f011afe209875b84ad3e84a93fafae505d2682cb.png" style="vertical-align: top; height: 100%; object-fit: contain;border-radius: 0px 0px 0px 0px;" class="main-image"></div><div style="-webkit-line-clamp: 2; overflow: hidden; display: -webkit-box!important; -webkit-box-orient: vertical; width: 100%;; margin: 0px 0px 4px 0px"><span style="font-size: 14px; font-weight: normal; color: rgba(33, 43, 54, 1); word-break: break-all; vertical-align: middle" class="product-title">브루아오로 리미티드에디션 유기농 폴리페놀 엑스트라버진올리브오일, 1개, 750ml</span></div><div style="display: flex; flex-direction: row; -webkit-box-sizing: border-box; min-width: fit-content; width: fit-content; margin: 0px 0px 4px 0px; align-items: center"><div style="-webkit-line-clamp: 1; overflow: hidden; display: -webkit-box!important; -webkit-box-orient: vertical; min-width: fit-content; width: fit-content; margin: 0px 4px 0px 0px"><span style="font-size: 14px; font-weight: bold; color: rgba(203, 20, 0, 1); word-break: break-all; vertical-align: middle">175,000원</span></div></div><div style="display: flex; flex-direction: column; min-width: fit-content; width: fit-content; margin: 0px 0px 4px 0px"></div><div style="display: flex; flex-direction: row; -webkit-box-sizing: border-box; min-width: fit-content; width: fit-content"></div><div style="min-width: fit-content; width: fit-content; height: 18px; min-height: 18px; padding: 0px 0px 2px 0px; margin: 0px 2px 0px 0px; overflow: hidden"><img src="http://image4.coupangcdn.com/image/coupang/rds/logo/xxxhdpi/logo_rocket_merchant_medium_v3_r3.png" style="vertical-align: top; height: 100%; object-fit: contain;border-radius: 0px 0px 0px 0px;"></div><div style="display: flex; flex-direction: row; -webkit-box-sizing: border-box; min-width: fit-content; width: fit-content; align-items: flex-end"><div style="display: flex; min-width: fit-content; width: fit-content; height: 13px; min-height: 13px; margin: 0px 2px 0px 0px"><span style="display: block; background-image: url(//static.coupangcdn.com/image/cmg/common/rating-star/RDS.png); background-repeat: no-repeat; width: 60px; height: 12px; background-size: 60px 24px; background-position: 0 -12px"><em style="display: block; background-image: url(//static.coupangcdn.com/image/cmg/common/rating-star/RDS.png); background-repeat: no-repeat; width: 100%; height: 12px; background-size: 60px 24px; background-position: 0 0"></em></span></div><div style="-webkit-line-clamp: 1; overflow: hidden; display: -webkit-box!important; -webkit-box-orient: vertical; min-width: fit-content; width: fit-content"><span style="font-size: 12px; font-weight: normal; color: rgba(118, 134, 149, 1); word-break: break-all; vertical-align: middle">(441)</span></div></div></div><div style="display: flex; flex-direction: column; width: 1px; min-width: 1px; align-self: stretch; margin: 0px 0px 16px 0px; background-color: rgba(238, 238, 238, 1)"></div></div><div style="display: flex; flex-direction: row; -webkit-box-sizing: border-box; min-width: fit-content; width: fit-content"><div style="display: flex; flex-direction: column; width: 124px; min-width: 124px; margin: 0px 12px 16px 12px" class="cmg-dco-carousel-item cmg-dco-carousel-product" data-adsplatform="{&quot;viewImpression&quot;: &quot;https://mercury.coupang.com/e.gif?r=3e0afb70-3ac9-11f0-80e8-9a9f0af13757%7E2&amp;templateId=3880&quot;}"><div style="width: 124px; min-width: 124px; height: 124px; min-height: 124px; margin: 0px 0px 8px 0px; overflow: hidden"><img src="https://thumbnail5.coupangcdn.com/thumbnails/remote/292x292q65ex/image/vendor_inventory/4726/d4c6b150894b5ba72fcd1350d40ec1889fdf421ee12534e27e452784b2f3.jpg" style="vertical-align: top; height: 100%; object-fit: contain;border-radius: 0px 0px 0px 0px;" class="main-image"></div><div style="-webkit-line-clamp: 100; overflow: hidden; display: -webkit-box!important; -webkit-box-orient: vertical; min-width: fit-content; width: fit-content; padding: 0px 0px 6px 0px"><span style="font-size: 12px; font-weight: bold; color: rgba(99, 115, 129, 1); word-break: break-all; vertical-align: middle">무료배송</span></div><div style="-webkit-line-clamp: 2; overflow: hidden; display: -webkit-box!important; -webkit-box-orient: vertical; width: 100%;; margin: 0px 0px 4px 0px"><span style="font-size: 14px; font-weight: normal; color: rgba(33, 43, 54, 1); word-break: break-all; vertical-align: middle" class="product-title">초저산도 0.16% 밀리언버드 아버세니움 100년 파르가 엑스트라버진 올리브오일 250ml, 1개</span></div><div style="display: flex; flex-direction: row; -webkit-box-sizing: border-box; min-width: fit-content; width: fit-content; margin: 0px 0px 4px 0px; align-items: center"><div style="-webkit-line-clamp: 1; overflow: hidden; display: -webkit-box!important; -webkit-box-orient: vertical; min-width: fit-content; width: fit-content; margin: 0px 4px 0px 0px"><span style="font-size: 14px; font-weight: bold; color: rgba(203, 20, 0, 1); word-break: break-all; vertical-align: middle">57,750원</span></div></div><div style="display: flex; flex-direction: column; min-width: fit-content; width: fit-content; margin: 0px 0px 4px 0px"></div><div style="display: flex; flex-direction: row; -webkit-box-sizing: border-box; min-width: fit-content; width: fit-content"></div><div style="display: flex; flex-direction: row; -webkit-box-sizing: border-box; min-width: fit-content; width: fit-content; align-items: flex-end"></div></div><div style="display: flex; flex-direction: column; width: 1px; min-width: 1px; align-self: stretch; margin: 0px 0px 16px 0px; background-color: rgba(238, 238, 238, 1)"></div></div><div style="display: flex; flex-direction: row; -webkit-box-sizing: border-box; min-width: fit-content; width: fit-content"><div style="display: flex; flex-direction: column; width: 124px; min-width: 124px; margin: 0px 12px 16px 12px" class="cmg-dco-carousel-item cmg-dco-carousel-product" data-adsplatform="{&quot;viewImpression&quot;: &quot;https://mercury.coupang.com/e.gif?r=3e0afb70-3ac9-11f0-ba07-31626ed938d6%7E2&amp;templateId=3880&quot;}"><div style="width: 124px; min-width: 124px; height: 124px; min-height: 124px; margin: 0px 0px 8px 0px; overflow: hidden"><img src="https://thumbnail1.coupangcdn.com/thumbnails/remote/292x292q65ex/image/vendor_inventory/030b/72d13aacfb3db4de05ec8bc84adcf5e5360b028cabab36fc66db4c49057b.png" style="vertical-align: top; height: 100%; object-fit: contain;border-radius: 0px 0px 0px 0px;" class="main-image"></div><div style="-webkit-line-clamp: 100; overflow: hidden; display: -webkit-box!important; -webkit-box-orient: vertical; min-width: fit-content; width: fit-content; padding: 0px 0px 6px 0px"><span style="font-size: 12px; font-weight: bold; color: rgba(99, 115, 129, 1); word-break: break-all; vertical-align: middle">무료배송</span></div><div style="-webkit-line-clamp: 2; overflow: hidden; display: -webkit-box!important; -webkit-box-orient: vertical; width: 100%;; margin: 0px 0px 4px 0px"><span style="font-size: 14px; font-weight: normal; color: rgba(33, 43, 54, 1); word-break: break-all; vertical-align: middle" class="product-title">안세스트랄 페나루나 엑스트라버진 올리브오일 (에어캡포장), 2개, 500ml</span></div><div style="display: flex; flex-direction: row; -webkit-box-sizing: border-box; min-width: fit-content; width: fit-content; margin: 0px 0px 4px 0px; align-items: center"><div style="-webkit-line-clamp: 1; overflow: hidden; display: -webkit-box!important; -webkit-box-orient: vertical; min-width: fit-content; width: fit-content; margin: 0px 4px 0px 0px"><span style="font-size: 14px; font-weight: bold; color: rgba(203, 20, 0, 1); word-break: break-all; vertical-align: middle">168,000원</span></div></div><div style="display: flex; flex-direction: column; min-width: fit-content; width: fit-content; margin: 0px 0px 4px 0px"></div><div style="display: flex; flex-direction: row; -webkit-box-sizing: border-box; min-width: fit-content; width: fit-content"></div><div style="display: flex; flex-direction: row; -webkit-box-sizing: border-box; min-width: fit-content; width: fit-content; align-items: flex-end"><div style="display: flex; min-width: fit-content; width: fit-content; height: 13px; min-height: 13px; margin: 0px 2px 0px 0px"><span style="display: block; background-image: url(//static.coupangcdn.com/image/cmg/common/rating-star/RDS.png); background-repeat: no-repeat; width: 60px; height: 12px; background-size: 60px 24px; background-position: 0 -12px"><em style="display: block; background-image: url(//static.coupangcdn.com/image/cmg/common/rating-star/RDS.png); background-repeat: no-repeat; width: 100%; height: 12px; background-size: 60px 24px; background-position: 0 0"></em></span></div><div style="-webkit-line-clamp: 1; overflow: hidden; display: -webkit-box!important; -webkit-box-orient: vertical; min-width: fit-content; width: fit-content"><span style="font-size: 12px; font-weight: normal; color: rgba(118, 134, 149, 1); word-break: break-all; vertical-align: middle">(30)</span></div></div></div><div style="display: flex; flex-direction: column; width: 1px; min-width: 1px; align-self: stretch; margin: 0px 0px 16px 0px; background-color: rgba(238, 238, 238, 1)"></div></div><div style="display: flex; flex-direction: row; -webkit-box-sizing: border-box; min-width: fit-content; width: fit-content"><div style="display: flex; flex-direction: column; width: 124px; min-width: 124px; margin: 0px 12px 16px 12px" class="cmg-dco-carousel-item cmg-dco-carousel-product" data-adsplatform="{&quot;viewImpression&quot;: &quot;https://mercury.coupang.com/e.gif?r=3e0afb70-3ac9-11f0-9e42-b4616ac6543e%7E2&amp;templateId=3880&quot;}"><div style="width: 124px; min-width: 124px; height: 124px; min-height: 124px; margin: 0px 0px 8px 0px; overflow: hidden"><img src="https://thumbnail15.coupangcdn.com/thumbnails/remote/292x292q65ex/image/vendor_inventory/dd33/30a7510b5f3d2ff5fd7e48015dbfb4c84dded0ebbd27465efa066e8ed0ab.png" style="vertical-align: top; height: 100%; object-fit: contain;border-radius: 0px 0px 0px 0px;" class="main-image"></div><div style="-webkit-line-clamp: 100; overflow: hidden; display: -webkit-box!important; -webkit-box-orient: vertical; min-width: fit-content; width: fit-content; padding: 0px 0px 6px 0px"><span style="font-size: 12px; font-weight: bold; color: rgba(99, 115, 129, 1); word-break: break-all; vertical-align: middle">무료배송</span></div><div style="-webkit-line-clamp: 2; overflow: hidden; display: -webkit-box!important; -webkit-box-orient: vertical; width: 100%;; margin: 0px 0px 4px 0px"><span style="font-size: 14px; font-weight: normal; color: rgba(33, 43, 54, 1); word-break: break-all; vertical-align: middle" class="product-title">엘릭시르 엑스트라버진 올리브오일 (에어캡포장), 2개, 500ml</span></div><div style="display: flex; flex-direction: row; -webkit-box-sizing: border-box; min-width: fit-content; width: fit-content; margin: 0px 0px 4px 0px; align-items: center"><div style="-webkit-line-clamp: 1; overflow: hidden; display: -webkit-box!important; -webkit-box-orient: vertical; min-width: fit-content; width: fit-content; margin: 0px 4px 0px 0px"><span style="font-size: 14px; font-weight: bold; color: rgba(203, 20, 0, 1); word-break: break-all; vertical-align: middle">133,190원</span></div></div><div style="display: flex; flex-direction: column; min-width: fit-content; width: fit-content; margin: 0px 0px 4px 0px"></div><div style="display: flex; flex-direction: row; -webkit-box-sizing: border-box; min-width: fit-content; width: fit-content"></div><div style="display: flex; flex-direction: row; -webkit-box-sizing: border-box; min-width: fit-content; width: fit-content; align-items: flex-end"><div style="display: flex; min-width: fit-content; width: fit-content; height: 13px; min-height: 13px; margin: 0px 2px 0px 0px"><span style="display: block; background-image: url(//static.coupangcdn.com/image/cmg/common/rating-star/RDS.png); background-repeat: no-repeat; width: 60px; height: 12px; background-size: 60px 24px; background-position: 0 -12px"><em style="display: block; background-image: url(//static.coupangcdn.com/image/cmg/common/rating-star/RDS.png); background-repeat: no-repeat; width: 100%; height: 12px; background-size: 60px 24px; background-position: 0 0"></em></span></div><div style="-webkit-line-clamp: 1; overflow: hidden; display: -webkit-box!important; -webkit-box-orient: vertical; min-width: fit-content; width: fit-content"><span style="font-size: 12px; font-weight: normal; color: rgba(118, 134, 149, 1); word-break: break-all; vertical-align: middle">(7)</span></div></div></div><div style="display: flex; flex-direction: column; width: 1px; min-width: 1px; align-self: stretch; margin: 0px 0px 16px 0px; background-color: rgba(238, 238, 238, 1)"></div></div><div style="display: flex; flex-direction: row; -webkit-box-sizing: border-box; min-width: fit-content; width: fit-content"><div style="display: flex; flex-direction: column; width: 124px; min-width: 124px; margin: 0px 12px 16px 12px" class="cmg-dco-carousel-item cmg-dco-carousel-product" data-adsplatform="{&quot;viewImpression&quot;: &quot;https://mercury.coupang.com/e.gif?r=3e0afb70-3ac9-11f0-b525-708aa3c5770e%7E2&amp;templateId=3880&quot;}"><div style="width: 124px; min-width: 124px; height: 124px; min-height: 124px; margin: 0px 0px 8px 0px; overflow: hidden"><img src="https://thumbnail11.coupangcdn.com/thumbnails/remote/292x292q65ex/image/vendor_inventory/59c4/4519f49e33c293b8fcef4315497174194e38ec0ecedcbad8874985769d45.png" style="vertical-align: top; height: 100%; object-fit: contain;border-radius: 0px 0px 0px 0px;" class="main-image"></div><div style="-webkit-line-clamp: 100; overflow: hidden; display: -webkit-box!important; -webkit-box-orient: vertical; min-width: fit-content; width: fit-content; padding: 0px 0px 6px 0px"><span style="font-size: 12px; font-weight: bold; color: rgba(99, 115, 129, 1); word-break: break-all; vertical-align: middle">무료배송</span></div><div style="-webkit-line-clamp: 2; overflow: hidden; display: -webkit-box!important; -webkit-box-orient: vertical; width: 100%;; margin: 0px 0px 4px 0px"><span style="font-size: 14px; font-weight: normal; color: rgba(33, 43, 54, 1); word-break: break-all; vertical-align: middle" class="product-title">[200분 한정] 2+1 엔뜨레까미노스 유기농 엑스트라버진 올리브오일 스페셜에디션 500ml(에어캡포장), 3개, 500ml</span></div><div style="display: flex; flex-direction: row; -webkit-box-sizing: border-box; min-width: fit-content; width: fit-content; margin: 0px 0px 4px 0px; align-items: center"><div style="-webkit-line-clamp: 1; overflow: hidden; display: -webkit-box!important; -webkit-box-orient: vertical; min-width: fit-content; width: fit-content; margin: 0px 4px 0px 0px"><span style="font-size: 14px; font-weight: bold; color: rgba(203, 20, 0, 1); word-break: break-all; vertical-align: middle">179,000원</span></div></div><div style="display: flex; flex-direction: column; min-width: fit-content; width: fit-content; margin: 0px 0px 4px 0px"></div><div style="display: flex; flex-direction: row; -webkit-box-sizing: border-box; min-width: fit-content; width: fit-content"></div><div style="display: flex; flex-direction: row; -webkit-box-sizing: border-box; min-width: fit-content; width: fit-content; align-items: flex-end"><div style="display: flex; min-width: fit-content; width: fit-content; height: 13px; min-height: 13px; margin: 0px 2px 0px 0px"><span style="display: block; background-image: url(//static.coupangcdn.com/image/cmg/common/rating-star/RDS.png); background-repeat: no-repeat; width: 60px; height: 12px; background-size: 60px 24px; background-position: 0 -12px"><em style="display: block; background-image: url(//static.coupangcdn.com/image/cmg/common/rating-star/RDS.png); background-repeat: no-repeat; width: 100%; height: 12px; background-size: 60px 24px; background-position: 0 0"></em></span></div><div style="-webkit-line-clamp: 1; overflow: hidden; display: -webkit-box!important; -webkit-box-orient: vertical; min-width: fit-content; width: fit-content"><span style="font-size: 12px; font-weight: normal; color: rgba(118, 134, 149, 1); word-break: break-all; vertical-align: middle">(62)</span></div></div></div><div style="display: flex; flex-direction: column; width: 1px; min-width: 1px; align-self: stretch; margin: 0px 0px 16px 0px; background-color: rgba(238, 238, 238, 1)"></div></div><div style="display: flex; flex-direction: row; -webkit-box-sizing: border-box; min-width: fit-content; width: fit-content"><div style="display: flex; flex-direction: column; width: 124px; min-width: 124px; margin: 0px 12px 16px 12px" class="cmg-dco-carousel-item cmg-dco-carousel-product" data-adsplatform="{&quot;viewImpression&quot;: &quot;https://mercury.coupang.com/e.gif?r=3e0afb70-3ac9-11f0-b406-a0d2ecbd01c3%7E2&amp;templateId=3880&quot;}"><div style="width: 124px; min-width: 124px; height: 124px; min-height: 124px; margin: 0px 0px 8px 0px; overflow: hidden"><img src="https://thumbnail2.coupangcdn.com/thumbnails/remote/292x292q65ex/image/vendor_inventory/b308/d4362794c537a5ce2987ac9f8acd371b39e3b0ce277cd646cf71c4e4cc63.png" style="vertical-align: top; height: 100%; object-fit: contain;border-radius: 0px 0px 0px 0px;" class="main-image"></div><div style="-webkit-line-clamp: 2; overflow: hidden; display: -webkit-box!important; -webkit-box-orient: vertical; width: 100%;; margin: 0px 0px 4px 0px"><span style="font-size: 14px; font-weight: normal; color: rgba(33, 43, 54, 1); word-break: break-all; vertical-align: middle" class="product-title">베티스 엑스트라버진 올리브오일, 750ml, 1개</span></div><div style="display: flex; flex-direction: row; -webkit-box-sizing: border-box; min-width: fit-content; width: fit-content; margin: 0px 0px 4px 0px; align-items: center"><div style="-webkit-line-clamp: 1; overflow: hidden; display: -webkit-box!important; -webkit-box-orient: vertical; min-width: fit-content; width: fit-content; margin: 0px 4px 0px 0px"><span style="font-size: 14px; font-weight: bold; color: rgba(203, 20, 0, 1); word-break: break-all; vertical-align: middle">23,900원</span></div></div><div style="display: flex; flex-direction: column; min-width: fit-content; width: fit-content; margin: 0px 0px 4px 0px"></div><div style="display: flex; flex-direction: row; -webkit-box-sizing: border-box; min-width: fit-content; width: fit-content"></div><div style="min-width: fit-content; width: fit-content; height: 18px; min-height: 18px; padding: 0px 0px 2px 0px; margin: 0px 2px 0px 0px; overflow: hidden"><img src="http://image5.coupangcdn.com/image/coupang/rds/logo/xxxhdpi/logo_rocket_merchant_medium_v3_r3.png" style="vertical-align: top; height: 100%; object-fit: contain;border-radius: 0px 0px 0px 0px;"></div><div style="display: flex; flex-direction: row; -webkit-box-sizing: border-box; min-width: fit-content; width: fit-content; align-items: flex-end"><div style="display: flex; min-width: fit-content; width: fit-content; height: 13px; min-height: 13px; margin: 0px 2px 0px 0px"><span style="display: block; background-image: url(//static.coupangcdn.com/image/cmg/common/rating-star/RDS.png); background-repeat: no-repeat; width: 60px; height: 12px; background-size: 60px 24px; background-position: 0 -12px"><em style="display: block; background-image: url(//static.coupangcdn.com/image/cmg/common/rating-star/RDS.png); background-repeat: no-repeat; width: 100%; height: 12px; background-size: 60px 24px; background-position: 0 0"></em></span></div><div style="-webkit-line-clamp: 1; overflow: hidden; display: -webkit-box!important; -webkit-box-orient: vertical; min-width: fit-content; width: fit-content"><span style="font-size: 12px; font-weight: normal; color: rgba(118, 134, 149, 1); word-break: break-all; vertical-align: middle">(337)</span></div></div></div><div style="display: flex; flex-direction: column; width: 1px; min-width: 1px; align-self: stretch; margin: 0px 0px 16px 0px; background-color: rgba(238, 238, 238, 1)"></div></div><div style="display: flex; flex-direction: row; -webkit-box-sizing: border-box; min-width: fit-content; width: fit-content"><div style="display: flex; flex-direction: column; width: 124px; min-width: 124px; margin: 0px 12px 16px 12px" class="cmg-dco-carousel-item cmg-dco-carousel-product" data-adsplatform="{&quot;viewImpression&quot;: &quot;https://mercury.coupang.com/e.gif?r=3e0b2280-3ac9-11f0-9152-4cbc62ccb4c3%7E2&amp;templateId=3880&quot;}"><div style="width: 124px; min-width: 124px; height: 124px; min-height: 124px; margin: 0px 0px 8px 0px; overflow: hidden"><img src="https://thumbnail2.coupangcdn.com/thumbnails/remote/292x292q65ex/image/vendor_inventory/dee6/297b0603b438473d612d4221f152a8c57f09b83f583f97a7cf6b7ba8004e.png" style="vertical-align: top; height: 100%; object-fit: contain;border-radius: 0px 0px 0px 0px;" class="main-image"></div><div style="-webkit-line-clamp: 2; overflow: hidden; display: -webkit-box!important; -webkit-box-orient: vertical; width: 100%;; margin: 0px 0px 4px 0px"><span style="font-size: 14px; font-weight: normal; color: rgba(33, 43, 54, 1); word-break: break-all; vertical-align: middle" class="product-title">내츄럴바이 아보카도오일 엑스트라버진, 250ml, 6개</span></div><div style="display: flex; flex-direction: row; -webkit-box-sizing: border-box; min-width: fit-content; width: fit-content; margin: 0px 0px 4px 0px; align-items: center"><div style="-webkit-line-clamp: 1; overflow: hidden; display: -webkit-box!important; -webkit-box-orient: vertical; min-width: fit-content; width: fit-content; margin: 0px 4px 0px 0px"><span style="font-size: 14px; font-weight: bold; color: rgba(203, 20, 0, 1); word-break: break-all; vertical-align: middle">53,800원</span></div></div><div style="display: flex; flex-direction: column; min-width: fit-content; width: fit-content; margin: 0px 0px 4px 0px"></div><div style="display: flex; flex-direction: row; -webkit-box-sizing: border-box; min-width: fit-content; width: fit-content"><div style="display: flex; flex-direction: row; -webkit-box-sizing: border-box; min-width: fit-content; width: fit-content; height: 16px; min-height: 16px; padding: 0px 4px 1px 4px; margin: 0px 0px 6px 0px; background-color: rgba(225, 39, 5, 1); border-radius: 4px 4px 4px 4px; align-items: center"><div style="-webkit-line-clamp: 1; overflow: hidden; display: -webkit-box!important; -webkit-box-orient: vertical; min-width: fit-content; width: fit-content; margin: 0px 2px 0px 0px"><span style="font-size: 11px; font-weight: bold; color: rgba(255, 255, 255, 1); word-break: break-all; vertical-align: middle">59%</span></div><div style="-webkit-line-clamp: 1; overflow: hidden; display: -webkit-box!important; -webkit-box-orient: vertical; min-width: fit-content; width: fit-content"><span style="font-size: 11px; font-weight: bold; color: rgba(255, 255, 255, 1); word-break: break-all; vertical-align: middle">할인</span></div></div></div><div style="min-width: fit-content; width: fit-content; height: 18px; min-height: 18px; padding: 0px 0px 2px 0px; margin: 0px 2px 0px 0px; overflow: hidden"><img src="http://image6.coupangcdn.com/image/coupang/rds/logo/xxxhdpi/logo_rocket_merchant_medium_v3_r3.png" style="vertical-align: top; height: 100%; object-fit: contain;border-radius: 0px 0px 0px 0px;"></div><div style="display: flex; flex-direction: row; -webkit-box-sizing: border-box; min-width: fit-content; width: fit-content; align-items: flex-end"><div style="display: flex; min-width: fit-content; width: fit-content; height: 13px; min-height: 13px; margin: 0px 2px 0px 0px"><span style="display: block; background-image: url(//static.coupangcdn.com/image/cmg/common/rating-star/RDS.png); background-repeat: no-repeat; width: 60px; height: 12px; background-size: 60px 24px; background-position: 0 -12px"><em style="display: block; background-image: url(//static.coupangcdn.com/image/cmg/common/rating-star/RDS.png); background-repeat: no-repeat; width: 100%; height: 12px; background-size: 60px 24px; background-position: 0 0"></em></span></div><div style="-webkit-line-clamp: 1; overflow: hidden; display: -webkit-box!important; -webkit-box-orient: vertical; min-width: fit-content; width: fit-content"><span style="font-size: 12px; font-weight: normal; color: rgba(118, 134, 149, 1); word-break: break-all; vertical-align: middle">(415)</span></div></div></div><div style="display: flex; flex-direction: column; width: 1px; min-width: 1px; align-self: stretch; margin: 0px 0px 16px 0px; background-color: rgba(238, 238, 238, 1)"></div></div><div style="display: flex; flex-direction: row; -webkit-box-sizing: border-box; min-width: fit-content; width: fit-content"><div style="display: flex; flex-direction: column; width: 124px; min-width: 124px; margin: 0px 12px 16px 12px" class="cmg-dco-carousel-item cmg-dco-carousel-product" data-adsplatform="{&quot;viewImpression&quot;: &quot;https://mercury.coupang.com/e.gif?r=3e0b2280-3ac9-11f0-bd74-8b6fe3c27d36%7E2&amp;templateId=3880&quot;}"><div style="width: 124px; min-width: 124px; height: 124px; min-height: 124px; margin: 0px 0px 8px 0px; overflow: hidden"><img src="https://thumbnail3.coupangcdn.com/thumbnails/remote/292x292q65ex/image/vendor_inventory/61b5/e9d639340b38b793e7096d45ee904df4e5c09f0da8b63c7f0731e22a5624.jpg" style="vertical-align: top; height: 100%; object-fit: contain;border-radius: 0px 0px 0px 0px;" class="main-image"></div><div style="-webkit-line-clamp: 100; overflow: hidden; display: -webkit-box!important; -webkit-box-orient: vertical; min-width: fit-content; width: fit-content; padding: 0px 0px 6px 0px"><span style="font-size: 12px; font-weight: bold; color: rgba(99, 115, 129, 1); word-break: break-all; vertical-align: middle">무료배송</span></div><div style="-webkit-line-clamp: 2; overflow: hidden; display: -webkit-box!important; -webkit-box-orient: vertical; width: 100%;; margin: 0px 0px 4px 0px"><span style="font-size: 14px; font-weight: normal; color: rgba(33, 43, 54, 1); word-break: break-all; vertical-align: middle" class="product-title">벤테라 코라티나 유기농 엑스트라버진 올리브오일 500ml, 1개</span></div><div style="display: flex; flex-direction: row; -webkit-box-sizing: border-box; min-width: fit-content; width: fit-content; margin: 0px 0px 4px 0px; align-items: center"><div style="-webkit-line-clamp: 1; overflow: hidden; display: -webkit-box!important; -webkit-box-orient: vertical; min-width: fit-content; width: fit-content; margin: 0px 4px 0px 0px"><span style="font-size: 14px; font-weight: bold; color: rgba(203, 20, 0, 1); word-break: break-all; vertical-align: middle">46,850원</span></div></div><div style="display: flex; flex-direction: column; min-width: fit-content; width: fit-content; margin: 0px 0px 4px 0px"></div><div style="display: flex; flex-direction: row; -webkit-box-sizing: border-box; min-width: fit-content; width: fit-content"></div><div style="display: flex; flex-direction: row; -webkit-box-sizing: border-box; min-width: fit-content; width: fit-content; align-items: flex-end"><div style="display: flex; min-width: fit-content; width: fit-content; height: 13px; min-height: 13px; margin: 0px 2px 0px 0px"><span style="display: block; background-image: url(//static.coupangcdn.com/image/cmg/common/rating-star/RDS.png); background-repeat: no-repeat; width: 60px; height: 12px; background-size: 60px 24px; background-position: 0 -12px"><em style="display: block; background-image: url(//static.coupangcdn.com/image/cmg/common/rating-star/RDS.png); background-repeat: no-repeat; width: 100%; height: 12px; background-size: 60px 24px; background-position: 0 0"></em></span></div><div style="-webkit-line-clamp: 1; overflow: hidden; display: -webkit-box!important; -webkit-box-orient: vertical; min-width: fit-content; width: fit-content"><span style="font-size: 12px; font-weight: normal; color: rgba(118, 134, 149, 1); word-break: break-all; vertical-align: middle">(20)</span></div></div></div><div style="display: flex; flex-direction: column; width: 1px; min-width: 1px; align-self: stretch; margin: 0px 0px 16px 0px; background-color: rgba(238, 238, 238, 1)"></div></div><div style="display: flex; flex-direction: row; -webkit-box-sizing: border-box; min-width: fit-content; width: fit-content"><div style="display: flex; flex-direction: column; width: 124px; min-width: 124px; margin: 0px 12px 16px 12px" class="cmg-dco-carousel-item cmg-dco-carousel-product" data-adsplatform="{&quot;viewImpression&quot;: &quot;https://mercury.coupang.com/e.gif?r=3e0b2280-3ac9-11f0-83fc-6ba643074714%7E2&amp;templateId=3880&quot;}"><div style="width: 124px; min-width: 124px; height: 124px; min-height: 124px; margin: 0px 0px 8px 0px; overflow: hidden"><img src="https://thumbnail5.coupangcdn.com/thumbnails/remote/292x292q65ex/image/vendor_inventory/4705/79e1d0f033eee510427ab8b21837b6dd0ce3e869d165600a91529452899c.jpg" style="vertical-align: top; height: 100%; object-fit: contain;border-radius: 0px 0px 0px 0px;" class="main-image"></div><div style="-webkit-line-clamp: 100; overflow: hidden; display: -webkit-box!important; -webkit-box-orient: vertical; min-width: fit-content; width: fit-content; padding: 0px 0px 6px 0px"><span style="font-size: 12px; font-weight: bold; color: rgba(99, 115, 129, 1); word-break: break-all; vertical-align: middle">무료배송</span></div><div style="-webkit-line-clamp: 2; overflow: hidden; display: -webkit-box!important; -webkit-box-orient: vertical; width: 100%;; margin: 0px 0px 4px 0px"><span style="font-size: 14px; font-weight: normal; color: rgba(33, 43, 54, 1); word-break: break-all; vertical-align: middle" class="product-title">선물용 유기농 엑스트라버진 올리브오일 500ml 오히블랑카 품종 최저산도0.09% 맛있는오일 폴리페놀 올레오칸탈 고함량 데오르테가스, 1개</span></div><div style="display: flex; flex-direction: row; -webkit-box-sizing: border-box; min-width: fit-content; width: fit-content; margin: 0px 0px 4px 0px; align-items: center"><div style="-webkit-line-clamp: 1; overflow: hidden; display: -webkit-box!important; -webkit-box-orient: vertical; min-width: fit-content; width: fit-content; margin: 0px 4px 0px 0px"><span style="font-size: 14px; font-weight: bold; color: rgba(203, 20, 0, 1); word-break: break-all; vertical-align: middle">68,000원</span></div></div><div style="display: flex; flex-direction: column; min-width: fit-content; width: fit-content; margin: 0px 0px 4px 0px"></div><div style="display: flex; flex-direction: row; -webkit-box-sizing: border-box; min-width: fit-content; width: fit-content"></div><div style="display: flex; flex-direction: row; -webkit-box-sizing: border-box; min-width: fit-content; width: fit-content; align-items: flex-end"><div style="display: flex; min-width: fit-content; width: fit-content; height: 13px; min-height: 13px; margin: 0px 2px 0px 0px"><span style="display: block; background-image: url(//static.coupangcdn.com/image/cmg/common/rating-star/RDS.png); background-repeat: no-repeat; width: 60px; height: 12px; background-size: 60px 24px; background-position: 0 -12px"><em style="display: block; background-image: url(//static.coupangcdn.com/image/cmg/common/rating-star/RDS.png); background-repeat: no-repeat; width: 100%; height: 12px; background-size: 60px 24px; background-position: 0 0"></em></span></div><div style="-webkit-line-clamp: 1; overflow: hidden; display: -webkit-box!important; -webkit-box-orient: vertical; min-width: fit-content; width: fit-content"><span style="font-size: 12px; font-weight: normal; color: rgba(118, 134, 149, 1); word-break: break-all; vertical-align: middle">(219)</span></div></div></div><div style="display: flex; flex-direction: column; width: 1px; min-width: 1px; align-self: stretch; margin: 0px 0px 16px 0px; background-color: rgba(238, 238, 238, 1)"></div></div><div style="display: flex; flex-direction: row; -webkit-box-sizing: border-box; min-width: fit-content; width: fit-content"><div style="display: flex; flex-direction: column; width: 124px; min-width: 124px; margin: 0px 12px 16px 12px" class="cmg-dco-carousel-item cmg-dco-carousel-product" data-adsplatform="{&quot;viewImpression&quot;: &quot;https://mercury.coupang.com/e.gif?r=3e0b2280-3ac9-11f0-9be1-95937daeb7d1%7E2&amp;templateId=3880&quot;}"><div style="width: 124px; min-width: 124px; height: 124px; min-height: 124px; margin: 0px 0px 8px 0px; overflow: hidden"><img src="https://thumbnail2.coupangcdn.com/thumbnails/remote/292x292q65ex/image/vendor_inventory/a672/bd2aeb96b0355da8d19a54f10469417bd411539fde80513b77057ae682d2.jpg" style="vertical-align: top; height: 100%; object-fit: contain;border-radius: 0px 0px 0px 0px;" class="main-image"></div><div style="-webkit-line-clamp: 100; overflow: hidden; display: -webkit-box!important; -webkit-box-orient: vertical; min-width: fit-content; width: fit-content; padding: 0px 0px 6px 0px"><span style="font-size: 12px; font-weight: bold; color: rgba(99, 115, 129, 1); word-break: break-all; vertical-align: middle">무료배송</span></div><div style="-webkit-line-clamp: 2; overflow: hidden; display: -webkit-box!important; -webkit-box-orient: vertical; width: 100%;; margin: 0px 0px 4px 0px"><span style="font-size: 14px; font-weight: normal; color: rgba(33, 43, 54, 1); word-break: break-all; vertical-align: middle" class="product-title">데이엔 유기농 엑스트라버진 올리브오일 스틱형 스페인산, 10g, 70개</span></div><div style="display: flex; flex-direction: row; -webkit-box-sizing: border-box; min-width: fit-content; width: fit-content; margin: 0px 0px 4px 0px; align-items: center"><div style="-webkit-line-clamp: 1; overflow: hidden; display: -webkit-box!important; -webkit-box-orient: vertical; min-width: fit-content; width: fit-content; margin: 0px 4px 0px 0px"><span style="font-size: 14px; font-weight: bold; color: rgba(203, 20, 0, 1); word-break: break-all; vertical-align: middle">44,500원</span></div></div><div style="display: flex; flex-direction: column; min-width: fit-content; width: fit-content; margin: 0px 0px 4px 0px"></div><div style="display: flex; flex-direction: row; -webkit-box-sizing: border-box; min-width: fit-content; width: fit-content"></div><div style="display: flex; flex-direction: row; -webkit-box-sizing: border-box; min-width: fit-content; width: fit-content; align-items: flex-end"><div style="display: flex; min-width: fit-content; width: fit-content; height: 13px; min-height: 13px; margin: 0px 2px 0px 0px"><span style="display: block; background-image: url(//static.coupangcdn.com/image/cmg/common/rating-star/RDS.png); background-repeat: no-repeat; width: 60px; height: 12px; background-size: 60px 24px; background-position: 0 -12px"><em style="display: block; background-image: url(//static.coupangcdn.com/image/cmg/common/rating-star/RDS.png); background-repeat: no-repeat; width: 100%; height: 12px; background-size: 60px 24px; background-position: 0 0"></em></span></div><div style="-webkit-line-clamp: 1; overflow: hidden; display: -webkit-box!important; -webkit-box-orient: vertical; min-width: fit-content; width: fit-content"><span style="font-size: 12px; font-weight: normal; color: rgba(118, 134, 149, 1); word-break: break-all; vertical-align: middle">(1)</span></div></div></div><div style="display: flex; flex-direction: column; width: 1px; min-width: 1px; align-self: stretch; margin: 0px 0px 16px 0px; background-color: rgba(238, 238, 238, 1)"></div></div><div style="display: flex; flex-direction: row; -webkit-box-sizing: border-box; min-width: fit-content; width: fit-content"><div style="display: flex; flex-direction: column; width: 124px; min-width: 124px; margin: 0px 12px 16px 12px" class="cmg-dco-carousel-item cmg-dco-carousel-product" data-adsplatform="{&quot;viewImpression&quot;: &quot;https://mercury.coupang.com/e.gif?r=3e0b2280-3ac9-11f0-bc04-d6dc4016cfb4%7E2&amp;templateId=3880&quot;}"><div style="width: 124px; min-width: 124px; height: 124px; min-height: 124px; margin: 0px 0px 8px 0px; overflow: hidden"><img src="https://thumbnail8.coupangcdn.com/thumbnails/remote/292x292q65ex/image/vendor_inventory/efc7/c95ac7d0913863bde5533e84fa811f35767bea78e8dbf2a276f25d8d6adc.png" style="vertical-align: top; height: 100%; object-fit: contain;border-radius: 0px 0px 0px 0px;" class="main-image"></div><div style="-webkit-line-clamp: 100; overflow: hidden; display: -webkit-box!important; -webkit-box-orient: vertical; min-width: fit-content; width: fit-content; padding: 0px 0px 6px 0px"><span style="font-size: 12px; font-weight: bold; color: rgba(99, 115, 129, 1); word-break: break-all; vertical-align: middle">무료배송</span></div><div style="-webkit-line-clamp: 2; overflow: hidden; display: -webkit-box!important; -webkit-box-orient: vertical; width: 100%;; margin: 0px 0px 4px 0px"><span style="font-size: 14px; font-weight: normal; color: rgba(33, 43, 54, 1); word-break: break-all; vertical-align: middle" class="product-title">[이태리산] 유기농 햄프씨드오일 대마종자유, 250ml, 5개</span></div><div style="display: flex; flex-direction: row; -webkit-box-sizing: border-box; min-width: fit-content; width: fit-content; margin: 0px 0px 4px 0px; align-items: center"><div style="-webkit-line-clamp: 1; overflow: hidden; display: -webkit-box!important; -webkit-box-orient: vertical; min-width: fit-content; width: fit-content; margin: 0px 4px 0px 0px"><span style="font-size: 14px; font-weight: bold; color: rgba(203, 20, 0, 1); word-break: break-all; vertical-align: middle">95,900원</span></div></div><div style="display: flex; flex-direction: column; min-width: fit-content; width: fit-content; margin: 0px 0px 4px 0px"></div><div style="display: flex; flex-direction: row; -webkit-box-sizing: border-box; min-width: fit-content; width: fit-content"></div><div style="display: flex; flex-direction: row; -webkit-box-sizing: border-box; min-width: fit-content; width: fit-content; align-items: flex-end"><div style="display: flex; min-width: fit-content; width: fit-content; height: 13px; min-height: 13px; margin: 0px 2px 0px 0px"><span style="display: block; background-image: url(//static.coupangcdn.com/image/cmg/common/rating-star/RDS.png); background-repeat: no-repeat; width: 60px; height: 12px; background-size: 60px 24px; background-position: 0 -12px"><em style="display: block; background-image: url(//static.coupangcdn.com/image/cmg/common/rating-star/RDS.png); background-repeat: no-repeat; width: 90%; height: 12px; background-size: 60px 24px; background-position: 0 0"></em></span></div><div style="-webkit-line-clamp: 1; overflow: hidden; display: -webkit-box!important; -webkit-box-orient: vertical; min-width: fit-content; width: fit-content"><span style="font-size: 12px; font-weight: normal; color: rgba(118, 134, 149, 1); word-break: break-all; vertical-align: middle">(324)</span></div></div></div><div style="display: flex; flex-direction: column; width: 1px; min-width: 1px; align-self: stretch; margin: 0px 0px 16px 0px; background-color: rgba(238, 238, 238, 1)"></div></div></div></div></div><div id="prod-detail-recommend" class="prod-detail-recommend impression-log" data-fodium-widget="desktop/widgets/sdp/AlsoViewedProducts" data-fodium-widget-params="{
         &quot;productId&quot;: &quot;8415084911&quot;,
         &quot;widgetId&quot;: &quot;WIDGET_PC_SDP_001&quot;,
         &quot;minCount&quot;: 5,
         &quot;maxCount&quot;: 15
     }">
<div class="sdp-also-viewed-products-widget " data-wiselog="{
       &quot;trackingTag&quot; : &quot;rmdId=55b869b5dbe54474b32bee75ed27fb31&amp;eventLabel=recommendation_widget_pc_sdp_001&amp;platform=web&amp;rmdABTestInfo=79593_A,83729_A,80755_B,14554_C,83730_A&amp;rmdValue=p8415084911:vt-1.0.0:p1252107417,p8415084911:vt-1.0.0:p1267939035,p8415084911:vt-1.0.0:p62459363,p8415084911:vt-1.0.0:p6960003161,p8415084911:vt-1.0.0:p6932561423,p8415084911:vt-1.0.0:p8539571227,p8415084911:vt-1.0.0:p7473901049,p8415084911:vt-1.0.0:p2206374653,p8415084911:vt-1.0.0:p29876,p8415084911:vt-1.0.0:p33222751,p8415084911:vt-1.0.0:p8107788139,p8415084911:vt-1.0.0:p8718116814,p8415084911:vt-1.0.0:p8610418226,p8415084911:vt-1.0.0:p7510904261,p8415084911:vt-1.0.0:p7510928727&quot;,
       &quot;eventAction&quot; : &quot;exposure&quot;
     }">
  <div class="recommend-widget-header">
    <h2 class="recommend-widget__title">
      다른 고객이 함께 본 상품
    </h2>

    <div class="recommend-widget__page-counter"><span><em>1</em>/3</span></div>
  </div>
  <div class="recommend-widget__list">
    <ul>
        <li class="recommend-widget__item">
          <a target="_blank" href="//www.coupang.com/vp/products/1252107417?vendorItemId=70244564719&amp;sourceType=SDP_ALSO_VIEWED&amp;searchId=55b869b5dbe54474b32bee75ed27fb31&amp;rmdId=55b869b5dbe54474b32bee75ed27fb31&amp;eventLabel=recommendation_widget_pc_sdp_001&amp;platform=web&amp;rmdABTestInfo=79593_A,83729_A,80755_B,14554_C,83730_A&amp;rmdValue=p8415084911:vt-1.0.0:p1252107417" title="올리타리아 엑스트라버진 올리브유 오일, 1L, 1개" data-wiselog="{
               &quot;trackingTag&quot; : &quot;rmdId=55b869b5dbe54474b32bee75ed27fb31&amp;eventLabel=recommendation_widget_pc_sdp_001&amp;platform=web&amp;rmdABTestInfo=79593_A,83729_A,80755_B,14554_C,83730_A&amp;rmdValue=p8415084911:vt-1.0.0:p1252107417&quot;,
               &quot;eventAction&quot; : &quot;click&quot;
             }" data-index="0">
            <div class="recommend-widget__item__image-wrap">
              <img class="recommend-widget__item__image" src="//thumbnail10.coupangcdn.com/thumbnails/remote/292x292ex/image/1025_amir_coupang_oct_80k/f3c5/3acde13b5814e8c04e0179e03ddd58f2eb1b935aaceb2df27bf469ead839.jpg" alt="올리타리아 엑스트라버진 올리브유 오일, 1L, 1개" onerror="this.src='https://static.coupangcdn.com/image/coupang/common/no_img_1000_1000.png'">
              <span class="recommend-widget__item__quick-view-icon" data-index="0"></span>
            </div>


            <strong class="recommend-widget__item__title">올리타리아 엑스트라버진 올리브유 오일, 1L, 1개</strong>
            <span class="recommend-widget__item__price">
              <em>27,900</em>원
            </span>

				<div class="recommend-widget__item__badge-wrap">
					<img class="recommend-widget__item__badge-wrap__badge type-FALCON_FRESH " src="https://image7.coupangcdn.com/image/mobile_app/v3/brandsdp/loyalty/pc/rocket-fresh@2x.png" alt="">
				</div>

              <div class="recommend-widget__item__unit-price-container">
                <span class="recommend-widget__item__unit-price">(100ml당 2,790원)</span>
              </div>


              <div class="recommend-widget__item__review ">
                <span class="recommend-widget__item__review-score-bg">
                  <span class="recommend-widget__item__review-score" style="width:100%;">
                    <em>100%</em>
                  </span>
                </span>

                <span class="recommend-widget__item__review-count">
                  (16,084)
                </span>
              </div>
          </a>
        </li>
        <li class="recommend-widget__item">
          <a target="_blank" href="//www.coupang.com/vp/products/1267939035?vendorItemId=70268831947&amp;sourceType=SDP_ALSO_VIEWED&amp;searchId=55b869b5dbe54474b32bee75ed27fb31&amp;rmdId=55b869b5dbe54474b32bee75ed27fb31&amp;eventLabel=recommendation_widget_pc_sdp_001&amp;platform=web&amp;rmdABTestInfo=79593_A,83729_A,80755_B,14554_C,83730_A&amp;rmdValue=p8415084911:vt-1.0.0:p1267939035" title="곰곰 바쏘 엑스트라버진 올리브오일, 1L, 1개" data-wiselog="{
               &quot;trackingTag&quot; : &quot;rmdId=55b869b5dbe54474b32bee75ed27fb31&amp;eventLabel=recommendation_widget_pc_sdp_001&amp;platform=web&amp;rmdABTestInfo=79593_A,83729_A,80755_B,14554_C,83730_A&amp;rmdValue=p8415084911:vt-1.0.0:p1267939035&quot;,
               &quot;eventAction&quot; : &quot;click&quot;
             }" data-index="1">
            <div class="recommend-widget__item__image-wrap">
              <img class="recommend-widget__item__image" src="//thumbnail9.coupangcdn.com/thumbnails/remote/292x292ex/image/retail/images/156533657457294-d4688a50-779f-4253-b37e-75ef141f3155.jpg" alt="곰곰 바쏘 엑스트라버진 올리브오일, 1L, 1개" onerror="this.src='https://static.coupangcdn.com/image/coupang/common/no_img_1000_1000.png'">
              <span class="recommend-widget__item__quick-view-icon" data-index="1"></span>
            </div>


            <strong class="recommend-widget__item__title">곰곰 바쏘 엑스트라버진 올리브오일, 1L, 1개</strong>
            <span class="recommend-widget__item__price">
              <em>23,990</em>원
            </span>

				<div class="recommend-widget__item__badge-wrap">
					<img class="recommend-widget__item__badge-wrap__badge type-ROCKET " src="https://image10.coupangcdn.com/image/badges/rocket/rocket_logo.png" alt="">
				</div>

              <div class="recommend-widget__item__unit-price-container">
                <span class="recommend-widget__item__unit-price">(100ml당 2,399원)</span>
              </div>


              <div class="recommend-widget__item__review ">
                <span class="recommend-widget__item__review-score-bg">
                  <span class="recommend-widget__item__review-score" style="width:100%;">
                    <em>100%</em>
                  </span>
                </span>

                <span class="recommend-widget__item__review-count">
                  (45,153)
                </span>
              </div>
          </a>
        </li>
        <li class="recommend-widget__item">
          <a target="_blank" href="//www.coupang.com/vp/products/62459363?vendorItemId=82487795501&amp;sourceType=SDP_ALSO_VIEWED&amp;searchId=55b869b5dbe54474b32bee75ed27fb31&amp;rmdId=55b869b5dbe54474b32bee75ed27fb31&amp;eventLabel=recommendation_widget_pc_sdp_001&amp;platform=web&amp;rmdABTestInfo=79593_A,83729_A,80755_B,14554_C,83730_A&amp;rmdValue=p8415084911:vt-1.0.0:p62459363" title="데체코 올리오 엑스트라 버진 디 올리바, 1L, 1개" data-wiselog="{
               &quot;trackingTag&quot; : &quot;rmdId=55b869b5dbe54474b32bee75ed27fb31&amp;eventLabel=recommendation_widget_pc_sdp_001&amp;platform=web&amp;rmdABTestInfo=79593_A,83729_A,80755_B,14554_C,83730_A&amp;rmdValue=p8415084911:vt-1.0.0:p62459363&quot;,
               &quot;eventAction&quot; : &quot;click&quot;
             }" data-index="2">
            <div class="recommend-widget__item__image-wrap">
              <img class="recommend-widget__item__image" src="//thumbnail6.coupangcdn.com/thumbnails/remote/292x292ex/image/retail/images/790031070520987-6d4475ae-cefb-45f0-b032-04e499ef956c.jpg" alt="데체코 올리오 엑스트라 버진 디 올리바, 1L, 1개" onerror="this.src='https://static.coupangcdn.com/image/coupang/common/no_img_1000_1000.png'">
              <span class="recommend-widget__item__quick-view-icon" data-index="2"></span>
            </div>


            <strong class="recommend-widget__item__title">데체코 올리오 엑스트라 버진 디 올리바, 1L, 1개</strong>
            <span class="recommend-widget__item__price">
              <em>27,340</em>원
            </span>

				<div class="recommend-widget__item__badge-wrap">
					<img class="recommend-widget__item__badge-wrap__badge type-ROCKET " src="https://image10.coupangcdn.com/image/badges/rocket/rocket_logo.png" alt="">
				</div>

              <div class="recommend-widget__item__unit-price-container">
                <span class="recommend-widget__item__unit-price">(100ml당 2,734원)</span>
              </div>


              <div class="recommend-widget__item__review ">
                <span class="recommend-widget__item__review-score-bg">
                  <span class="recommend-widget__item__review-score" style="width:100%;">
                    <em>100%</em>
                  </span>
                </span>

                <span class="recommend-widget__item__review-count">
                  (22,070)
                </span>
              </div>
          </a>
        </li>
        <li class="recommend-widget__item">
          <a target="_blank" href="//www.coupang.com/vp/products/6960003161?vendorItemId=86127695757&amp;sourceType=SDP_ALSO_VIEWED&amp;searchId=55b869b5dbe54474b32bee75ed27fb31&amp;rmdId=55b869b5dbe54474b32bee75ed27fb31&amp;eventLabel=recommendation_widget_pc_sdp_001&amp;platform=web&amp;rmdABTestInfo=79593_A,83729_A,80755_B,14554_C,83730_A&amp;rmdValue=p8415084911:vt-1.0.0:p6960003161" title="올리타리아 유기농 엑스트라버진 올리브유, 500ml, 2개" data-wiselog="{
               &quot;trackingTag&quot; : &quot;rmdId=55b869b5dbe54474b32bee75ed27fb31&amp;eventLabel=recommendation_widget_pc_sdp_001&amp;platform=web&amp;rmdABTestInfo=79593_A,83729_A,80755_B,14554_C,83730_A&amp;rmdValue=p8415084911:vt-1.0.0:p6960003161&quot;,
               &quot;eventAction&quot; : &quot;click&quot;
             }" data-index="3">
            <div class="recommend-widget__item__image-wrap">
              <img class="recommend-widget__item__image" src="//thumbnail10.coupangcdn.com/thumbnails/remote/292x292ex/image/retail/images/124674919532060-8821d039-7a86-426c-bd68-146b50632fbd.jpg" alt="올리타리아 유기농 엑스트라버진 올리브유, 500ml, 2개" onerror="this.src='https://static.coupangcdn.com/image/coupang/common/no_img_1000_1000.png'">
              <span class="recommend-widget__item__quick-view-icon" data-index="3"></span>
            </div>


            <strong class="recommend-widget__item__title">올리타리아 유기농 엑스트라버진 올리브유, 500ml, 2개</strong>
            <span class="recommend-widget__item__price">
              <em>34,300</em>원
            </span>

				<div class="recommend-widget__item__badge-wrap">
					<img class="recommend-widget__item__badge-wrap__badge type-ROCKET " src="https://image10.coupangcdn.com/image/badges/rocket/rocket_logo.png" alt="">
				</div>

              <div class="recommend-widget__item__unit-price-container">
                <span class="recommend-widget__item__unit-price">(100ml당 3,430원)</span>
              </div>


              <div class="recommend-widget__item__review ">
                <span class="recommend-widget__item__review-score-bg">
                  <span class="recommend-widget__item__review-score" style="width:100%;">
                    <em>100%</em>
                  </span>
                </span>

                <span class="recommend-widget__item__review-count">
                  (1,540)
                </span>
              </div>
          </a>
        </li>
        <li class="recommend-widget__item">
          <a target="_blank" href="//www.coupang.com/vp/products/6932561423?vendorItemId=83960698484&amp;sourceType=SDP_ALSO_VIEWED&amp;searchId=55b869b5dbe54474b32bee75ed27fb31&amp;rmdId=55b869b5dbe54474b32bee75ed27fb31&amp;eventLabel=recommendation_widget_pc_sdp_001&amp;platform=web&amp;rmdABTestInfo=79593_A,83729_A,80755_B,14554_C,83730_A&amp;rmdValue=p8415084911:vt-1.0.0:p6932561423" title="올리타리아 퓨어 올리브유, 1L, 1개" data-wiselog="{
               &quot;trackingTag&quot; : &quot;rmdId=55b869b5dbe54474b32bee75ed27fb31&amp;eventLabel=recommendation_widget_pc_sdp_001&amp;platform=web&amp;rmdABTestInfo=79593_A,83729_A,80755_B,14554_C,83730_A&amp;rmdValue=p8415084911:vt-1.0.0:p6932561423&quot;,
               &quot;eventAction&quot; : &quot;click&quot;
             }" data-index="4">
            <div class="recommend-widget__item__image-wrap">
              <img class="recommend-widget__item__image" src="//thumbnail9.coupangcdn.com/thumbnails/remote/292x292ex/image/vendor_inventory/305f/fd0a6118a2538e915c754a604ec550587a50fab54ba517783d5ad645a658.jpg" alt="올리타리아 퓨어 올리브유, 1L, 1개" onerror="this.src='https://static.coupangcdn.com/image/coupang/common/no_img_1000_1000.png'">
              <span class="recommend-widget__item__quick-view-icon" data-index="4"></span>
            </div>


            <strong class="recommend-widget__item__title">올리타리아 퓨어 올리브유, 1L, 1개</strong>
            <span class="recommend-widget__item__price">
              <em>24,900</em>원
            </span>

				<div class="recommend-widget__item__badge-wrap">
					<img class="recommend-widget__item__badge-wrap__badge type-ROCKET " src="https://image10.coupangcdn.com/image/badges/rocket/rocket_logo.png" alt="">
				</div>

              <div class="recommend-widget__item__unit-price-container">
                <span class="recommend-widget__item__unit-price">(100ml당 2,490원)</span>
              </div>


              <div class="recommend-widget__item__review ">
                <span class="recommend-widget__item__review-score-bg">
                  <span class="recommend-widget__item__review-score" style="width:100%;">
                    <em>100%</em>
                  </span>
                </span>

                <span class="recommend-widget__item__review-count">
                  (520)
                </span>
              </div>
          </a>
        </li>
        <li class="recommend-widget__item" style="display: none;">
          <a target="_blank" href="//www.coupang.com/vp/products/8539571227?vendorItemId=91732288478&amp;sourceType=SDP_ALSO_VIEWED&amp;searchId=55b869b5dbe54474b32bee75ed27fb31&amp;rmdId=55b869b5dbe54474b32bee75ed27fb31&amp;eventLabel=recommendation_widget_pc_sdp_001&amp;platform=web&amp;rmdABTestInfo=79593_A,83729_A,80755_B,14554_C,83730_A&amp;rmdValue=p8415084911:vt-1.0.0:p8539571227" title="올리타리아 유기농 엑스트라버진 올리브유, 500ml, 1개" data-wiselog="{
               &quot;trackingTag&quot; : &quot;rmdId=55b869b5dbe54474b32bee75ed27fb31&amp;eventLabel=recommendation_widget_pc_sdp_001&amp;platform=web&amp;rmdABTestInfo=79593_A,83729_A,80755_B,14554_C,83730_A&amp;rmdValue=p8415084911:vt-1.0.0:p8539571227&quot;,
               &quot;eventAction&quot; : &quot;click&quot;
             }" data-index="5">
            <div class="recommend-widget__item__image-wrap">
              <img class="recommend-widget__item__image" src="//thumbnail7.coupangcdn.com/thumbnails/remote/292x292ex/image/1025_amir_coupang_oct_80k/1649/7649ba8e7c7efc220108e05a284c21d12457220687d99314585d9db8c66f.jpg" alt="올리타리아 유기농 엑스트라버진 올리브유, 500ml, 1개" onerror="this.src='https://static.coupangcdn.com/image/coupang/common/no_img_1000_1000.png'">
              <span class="recommend-widget__item__quick-view-icon" data-index="5"></span>
            </div>


            <strong class="recommend-widget__item__title">올리타리아 유기농 엑스트라버진 올리브유, 500ml, 1개</strong>
            <span class="recommend-widget__item__price">
              <em>17,900</em>원
            </span>

				<div class="recommend-widget__item__badge-wrap">
					<img class="recommend-widget__item__badge-wrap__badge type-FALCON_FRESH " src="https://image7.coupangcdn.com/image/mobile_app/v3/brandsdp/loyalty/pc/rocket-fresh@2x.png" alt="">
				</div>

              <div class="recommend-widget__item__unit-price-container">
                <span class="recommend-widget__item__unit-price">(100ml당 3,580원)</span>
              </div>


              <div class="recommend-widget__item__review ">
                <span class="recommend-widget__item__review-score-bg">
                  <span class="recommend-widget__item__review-score" style="width:100%;">
                    <em>100%</em>
                  </span>
                </span>

                <span class="recommend-widget__item__review-count">
                  (21)
                </span>
              </div>
          </a>
        </li>
        <li class="recommend-widget__item" style="display: none;">
          <a target="_blank" href="//www.coupang.com/vp/products/7473901049?vendorItemId=5464495424&amp;sourceType=SDP_ALSO_VIEWED&amp;searchId=55b869b5dbe54474b32bee75ed27fb31&amp;rmdId=55b869b5dbe54474b32bee75ed27fb31&amp;eventLabel=recommendation_widget_pc_sdp_001&amp;platform=web&amp;rmdABTestInfo=79593_A,83729_A,80755_B,14554_C,83730_A&amp;rmdValue=p8415084911:vt-1.0.0:p7473901049" title="솔리몬 스퀴즈드 레몬즙, 990ml, 1개" data-wiselog="{
               &quot;trackingTag&quot; : &quot;rmdId=55b869b5dbe54474b32bee75ed27fb31&amp;eventLabel=recommendation_widget_pc_sdp_001&amp;platform=web&amp;rmdABTestInfo=79593_A,83729_A,80755_B,14554_C,83730_A&amp;rmdValue=p8415084911:vt-1.0.0:p7473901049&quot;,
               &quot;eventAction&quot; : &quot;click&quot;
             }" data-index="6">
            <div class="recommend-widget__item__image-wrap">
              <img class="recommend-widget__item__image" src="//thumbnail7.coupangcdn.com/thumbnails/remote/292x292ex/image/vendor_inventory/6f7b/96c979a3efed6cbb72bcc10dafeba9b2e41175add9c531bad6b222b56934.jpg" alt="솔리몬 스퀴즈드 레몬즙, 990ml, 1개" onerror="this.src='https://static.coupangcdn.com/image/coupang/common/no_img_1000_1000.png'">
              <span class="recommend-widget__item__quick-view-icon" data-index="6"></span>
            </div>


            <strong class="recommend-widget__item__title">솔리몬 스퀴즈드 레몬즙, 990ml, 1개</strong>
            <span class="recommend-widget__item__price">
              <em>5,370</em>원
            </span>

				<div class="recommend-widget__item__badge-wrap">
					<img class="recommend-widget__item__badge-wrap__badge type-ROCKET " src="https://image10.coupangcdn.com/image/badges/rocket/rocket_logo.png" alt="">
				</div>

              <div class="recommend-widget__item__unit-price-container">
                <span class="recommend-widget__item__unit-price">(100ml당 542원)</span>
              </div>


              <div class="recommend-widget__item__review ">
                <span class="recommend-widget__item__review-score-bg">
                  <span class="recommend-widget__item__review-score" style="width:100%;">
                    <em>100%</em>
                  </span>
                </span>

                <span class="recommend-widget__item__review-count">
                  (131,373)
                </span>
              </div>
          </a>
        </li>
        <li class="recommend-widget__item" style="display: none;">
          <a target="_blank" href="//www.coupang.com/vp/products/2206374653?vendorItemId=83919185727&amp;sourceType=SDP_ALSO_VIEWED&amp;searchId=55b869b5dbe54474b32bee75ed27fb31&amp;rmdId=55b869b5dbe54474b32bee75ed27fb31&amp;eventLabel=recommendation_widget_pc_sdp_001&amp;platform=web&amp;rmdABTestInfo=79593_A,83729_A,80755_B,14554_C,83730_A&amp;rmdValue=p8415084911:vt-1.0.0:p2206374653" title="브로슈낭 유기농 엑스트라 버진 올리브오일, 250ml, 1개" data-wiselog="{
               &quot;trackingTag&quot; : &quot;rmdId=55b869b5dbe54474b32bee75ed27fb31&amp;eventLabel=recommendation_widget_pc_sdp_001&amp;platform=web&amp;rmdABTestInfo=79593_A,83729_A,80755_B,14554_C,83730_A&amp;rmdValue=p8415084911:vt-1.0.0:p2206374653&quot;,
               &quot;eventAction&quot; : &quot;click&quot;
             }" data-index="7">
            <div class="recommend-widget__item__image-wrap">
              <img class="recommend-widget__item__image" src="//thumbnail10.coupangcdn.com/thumbnails/remote/292x292ex/image/retail/images/2098586188514587-890e7072-6058-418a-87f1-dfdfe1de942b.jpg" alt="브로슈낭 유기농 엑스트라 버진 올리브오일, 250ml, 1개" onerror="this.src='https://static.coupangcdn.com/image/coupang/common/no_img_1000_1000.png'">
              <span class="recommend-widget__item__quick-view-icon" data-index="7"></span>
            </div>


            <strong class="recommend-widget__item__title">브로슈낭 유기농 엑스트라 버진 올리브오일, 250ml, 1개</strong>
            <span class="recommend-widget__item__price">
              <em>9,470</em>원
            </span>

				<div class="recommend-widget__item__badge-wrap">
					<img class="recommend-widget__item__badge-wrap__badge type-ROCKET " src="https://image10.coupangcdn.com/image/badges/rocket/rocket_logo.png" alt="">
				</div>

              <div class="recommend-widget__item__unit-price-container">
                <span class="recommend-widget__item__unit-price">(100ml당 3,788원)</span>
              </div>


              <div class="recommend-widget__item__review ">
                <span class="recommend-widget__item__review-score-bg">
                  <span class="recommend-widget__item__review-score" style="width:100%;">
                    <em>100%</em>
                  </span>
                </span>

                <span class="recommend-widget__item__review-count">
                  (9,878)
                </span>
              </div>
          </a>
        </li>
        <li class="recommend-widget__item" style="display: none;">
          <a target="_blank" href="//www.coupang.com/vp/products/29876?vendorItemId=3000036229&amp;sourceType=SDP_ALSO_VIEWED&amp;searchId=55b869b5dbe54474b32bee75ed27fb31&amp;rmdId=55b869b5dbe54474b32bee75ed27fb31&amp;eventLabel=recommendation_widget_pc_sdp_001&amp;platform=web&amp;rmdABTestInfo=79593_A,83729_A,80755_B,14554_C,83730_A&amp;rmdValue=p8415084911:vt-1.0.0:p29876" title="폰타나 엑스트라 버진 올리브유 마라스카, 500ml, 1개" data-wiselog="{
               &quot;trackingTag&quot; : &quot;rmdId=55b869b5dbe54474b32bee75ed27fb31&amp;eventLabel=recommendation_widget_pc_sdp_001&amp;platform=web&amp;rmdABTestInfo=79593_A,83729_A,80755_B,14554_C,83730_A&amp;rmdValue=p8415084911:vt-1.0.0:p29876&quot;,
               &quot;eventAction&quot; : &quot;click&quot;
             }" data-index="8">
            <div class="recommend-widget__item__image-wrap">
              <img class="recommend-widget__item__image" src="//thumbnail8.coupangcdn.com/thumbnails/remote/292x292ex/image/vendor_inventory/dacd/2a89dd4340e049b4d59f5ea4fe73f3278b8e32aa6214f39c0941e3ff2d08.jpg" alt="폰타나 엑스트라 버진 올리브유 마라스카, 500ml, 1개" onerror="this.src='https://static.coupangcdn.com/image/coupang/common/no_img_1000_1000.png'">
              <span class="recommend-widget__item__quick-view-icon" data-index="8"></span>
            </div>


            <strong class="recommend-widget__item__title">폰타나 엑스트라 버진 올리브유 마라스카, 500ml, 1개</strong>
            <span class="recommend-widget__item__price">
              <em>16,600</em>원
            </span>

				<div class="recommend-widget__item__badge-wrap">
					<img class="recommend-widget__item__badge-wrap__badge type-ROCKET " src="https://image10.coupangcdn.com/image/badges/rocket/rocket_logo.png" alt="">
				</div>

              <div class="recommend-widget__item__unit-price-container">
                <span class="recommend-widget__item__unit-price">(100ml당 3,320원)</span>
              </div>


              <div class="recommend-widget__item__review ">
                <span class="recommend-widget__item__review-score-bg">
                  <span class="recommend-widget__item__review-score" style="width:100%;">
                    <em>100%</em>
                  </span>
                </span>

                <span class="recommend-widget__item__review-count">
                  (20,705)
                </span>
              </div>
          </a>
        </li>
        <li class="recommend-widget__item" style="display: none;">
          <a target="_blank" href="//www.coupang.com/vp/products/33222751?vendorItemId=3254410022&amp;sourceType=SDP_ALSO_VIEWED&amp;searchId=55b869b5dbe54474b32bee75ed27fb31&amp;rmdId=55b869b5dbe54474b32bee75ed27fb31&amp;eventLabel=recommendation_widget_pc_sdp_001&amp;platform=web&amp;rmdABTestInfo=79593_A,83729_A,80755_B,14554_C,83730_A&amp;rmdValue=p8415084911:vt-1.0.0:p33222751" title="아몰리바 포마스 올리브오일, 1L, 1개" data-wiselog="{
               &quot;trackingTag&quot; : &quot;rmdId=55b869b5dbe54474b32bee75ed27fb31&amp;eventLabel=recommendation_widget_pc_sdp_001&amp;platform=web&amp;rmdABTestInfo=79593_A,83729_A,80755_B,14554_C,83730_A&amp;rmdValue=p8415084911:vt-1.0.0:p33222751&quot;,
               &quot;eventAction&quot; : &quot;click&quot;
             }" data-index="9">
            <div class="recommend-widget__item__image-wrap">
              <img class="recommend-widget__item__image" src="//thumbnail6.coupangcdn.com/thumbnails/remote/292x292ex/image/retail/images/5626590855165368-fd9e8b2b-ec06-48cc-b036-6dcbdec504ce.png" alt="아몰리바 포마스 올리브오일, 1L, 1개" onerror="this.src='https://static.coupangcdn.com/image/coupang/common/no_img_1000_1000.png'">
              <span class="recommend-widget__item__quick-view-icon" data-index="9"></span>
            </div>


            <strong class="recommend-widget__item__title">아몰리바 포마스 올리브오일, 1L, 1개</strong>
            <span class="recommend-widget__item__price">
              <em>14,300</em>원
            </span>

				<div class="recommend-widget__item__badge-wrap">
					<img class="recommend-widget__item__badge-wrap__badge type-ROCKET " src="https://image10.coupangcdn.com/image/badges/rocket/rocket_logo.png" alt="">
				</div>

              <div class="recommend-widget__item__unit-price-container">
                <span class="recommend-widget__item__unit-price">(100ml당 1,430원)</span>
              </div>


              <div class="recommend-widget__item__review ">
                <span class="recommend-widget__item__review-score-bg">
                  <span class="recommend-widget__item__review-score" style="width:100%;">
                    <em>100%</em>
                  </span>
                </span>

                <span class="recommend-widget__item__review-count">
                  (42,591)
                </span>
              </div>
          </a>
        </li>
        <li class="recommend-widget__item" style="display: none;">
          <a target="_blank" href="//www.coupang.com/vp/products/8107788139?vendorItemId=3006963073&amp;sourceType=SDP_ALSO_VIEWED&amp;searchId=55b869b5dbe54474b32bee75ed27fb31&amp;rmdId=55b869b5dbe54474b32bee75ed27fb31&amp;eventLabel=recommendation_widget_pc_sdp_001&amp;platform=web&amp;rmdABTestInfo=79593_A,83729_A,80755_B,14554_C,83730_A&amp;rmdValue=p8415084911:vt-1.0.0:p8107788139" title="솔레르로메로 유기농 엑스트라버진 올리브오일, 500ml, 1개" data-wiselog="{
               &quot;trackingTag&quot; : &quot;rmdId=55b869b5dbe54474b32bee75ed27fb31&amp;eventLabel=recommendation_widget_pc_sdp_001&amp;platform=web&amp;rmdABTestInfo=79593_A,83729_A,80755_B,14554_C,83730_A&amp;rmdValue=p8415084911:vt-1.0.0:p8107788139&quot;,
               &quot;eventAction&quot; : &quot;click&quot;
             }" data-index="10">
            <div class="recommend-widget__item__image-wrap">
              <img class="recommend-widget__item__image" src="//thumbnail6.coupangcdn.com/thumbnails/remote/292x292ex/image/retail/images/530297020356236-b5e04b4a-4124-4bc5-88fe-511257a3238d.jpg" alt="솔레르로메로 유기농 엑스트라버진 올리브오일, 500ml, 1개" onerror="this.src='https://static.coupangcdn.com/image/coupang/common/no_img_1000_1000.png'">
              <span class="recommend-widget__item__quick-view-icon" data-index="10"></span>
            </div>


            <strong class="recommend-widget__item__title">솔레르로메로 유기농 엑스트라버진 올리브오일, 500ml, 1개</strong>
            <span class="recommend-widget__item__price">
              <em>27,800</em>원
            </span>

				<div class="recommend-widget__item__badge-wrap">
					<img class="recommend-widget__item__badge-wrap__badge type-ROCKET " src="https://image10.coupangcdn.com/image/badges/rocket/rocket_logo.png" alt="">
				</div>

              <div class="recommend-widget__item__unit-price-container">
                <span class="recommend-widget__item__unit-price">(100ml당 5,560원)</span>
              </div>


              <div class="recommend-widget__item__review ">
                <span class="recommend-widget__item__review-score-bg">
                  <span class="recommend-widget__item__review-score" style="width:100%;">
                    <em>100%</em>
                  </span>
                </span>

                <span class="recommend-widget__item__review-count">
                  (12,668)
                </span>
              </div>
          </a>
        </li>
        <li class="recommend-widget__item" style="display: none;">
          <a target="_blank" href="//www.coupang.com/vp/products/8718116814?vendorItemId=92321356847&amp;sourceType=SDP_ALSO_VIEWED&amp;searchId=55b869b5dbe54474b32bee75ed27fb31&amp;rmdId=55b869b5dbe54474b32bee75ed27fb31&amp;eventLabel=recommendation_widget_pc_sdp_001&amp;platform=web&amp;rmdABTestInfo=79593_A,83729_A,80755_B,14554_C,83730_A&amp;rmdValue=p8415084911:vt-1.0.0:p8718116814" title="퓨어데이즈 아침엔 100% 유기농 엑스트라버진 올리브오일 스틱 스페인, 120개, 10g" data-wiselog="{
               &quot;trackingTag&quot; : &quot;rmdId=55b869b5dbe54474b32bee75ed27fb31&amp;eventLabel=recommendation_widget_pc_sdp_001&amp;platform=web&amp;rmdABTestInfo=79593_A,83729_A,80755_B,14554_C,83730_A&amp;rmdValue=p8415084911:vt-1.0.0:p8718116814&quot;,
               &quot;eventAction&quot; : &quot;click&quot;
             }" data-index="11">
            <div class="recommend-widget__item__image-wrap">
              <img class="recommend-widget__item__image" src="//thumbnail7.coupangcdn.com/thumbnails/remote/292x292ex/image/vendor_inventory/image_audit/stage/manual/14b2a1a3-fead-4fbc-ac78-5d2d7d0dce0b_1748219626743.jpeg" alt="퓨어데이즈 아침엔 100% 유기농 엑스트라버진 올리브오일 스틱 스페인, 120개, 10g" onerror="this.src='https://static.coupangcdn.com/image/coupang/common/no_img_1000_1000.png'">
              <span class="recommend-widget__item__quick-view-icon" data-index="11"></span>
            </div>


            <strong class="recommend-widget__item__title">퓨어데이즈 아침엔 100% 유기농 엑스트라버진 올리브오일 스틱 스페인, 120개, 10g</strong>
            <span class="recommend-widget__item__price">
              <em>97,900</em>원
            </span>

				<div class="recommend-widget__item__badge-wrap">
					<img class="recommend-widget__item__badge-wrap__badge type-ROCKET_MERCHANT_V2_DEPRECATED " src="https://image7.coupangcdn.com/image/coupang/rds/logo/iphone_2x/logoRocketMerchantLargeV3R3@2x.png" alt="">
				</div>

              <div class="recommend-widget__item__unit-price-container">
                <span class="recommend-widget__item__unit-price">(100g당 8,158원)</span>
              </div>


              <div class="recommend-widget__item__review ">
                <span class="recommend-widget__item__review-score-bg">
                  <span class="recommend-widget__item__review-score" style="width:100%;">
                    <em>100%</em>
                  </span>
                </span>

                <span class="recommend-widget__item__review-count">
                  (197)
                </span>
              </div>
          </a>
        </li>
        <li class="recommend-widget__item" style="display: none;">
          <a target="_blank" href="//www.coupang.com/vp/products/8610418226?vendorItemId=92014011056&amp;sourceType=SDP_ALSO_VIEWED&amp;searchId=55b869b5dbe54474b32bee75ed27fb31&amp;rmdId=55b869b5dbe54474b32bee75ed27fb31&amp;eventLabel=recommendation_widget_pc_sdp_001&amp;platform=web&amp;rmdABTestInfo=79593_A,83729_A,80755_B,14554_C,83730_A&amp;rmdValue=p8415084911:vt-1.0.0:p8610418226" title="저온압착 엑스트라버진 HASS 품종 아보카도오일 250ml x 1병, 1개" data-wiselog="{
               &quot;trackingTag&quot; : &quot;rmdId=55b869b5dbe54474b32bee75ed27fb31&amp;eventLabel=recommendation_widget_pc_sdp_001&amp;platform=web&amp;rmdABTestInfo=79593_A,83729_A,80755_B,14554_C,83730_A&amp;rmdValue=p8415084911:vt-1.0.0:p8610418226&quot;,
               &quot;eventAction&quot; : &quot;click&quot;
             }" data-index="12">
            <div class="recommend-widget__item__image-wrap">
              <img class="recommend-widget__item__image" src="//thumbnail9.coupangcdn.com/thumbnails/remote/292x292ex/image/vendor_inventory/c984/e1d4cbf1dcf84d49c7c09cc2a2ae124c1f28af49defdbba3eb6568c2eff4.jpg" alt="저온압착 엑스트라버진 HASS 품종 아보카도오일 250ml x 1병, 1개" onerror="this.src='https://static.coupangcdn.com/image/coupang/common/no_img_1000_1000.png'">
              <span class="recommend-widget__item__quick-view-icon" data-index="12"></span>
            </div>


            <strong class="recommend-widget__item__title">저온압착 엑스트라버진 HASS 품종 아보카도오일 250ml x 1병, 1개</strong>
            <span class="recommend-widget__item__price">
              <em>13,900</em>원
            </span>


              <div class="recommend-widget__item__unit-price-container">
                <span class="recommend-widget__item__unit-price">(100ml당 5,560원)</span>
              </div>


              <div class="recommend-widget__item__review ">
                <span class="recommend-widget__item__review-score-bg">
                  <span class="recommend-widget__item__review-score" style="width:100%;">
                    <em>100%</em>
                  </span>
                </span>

                <span class="recommend-widget__item__review-count">
                  (34)
                </span>
              </div>
          </a>
        </li>
        <li class="recommend-widget__item" style="display: none;">
          <a target="_blank" href="//www.coupang.com/vp/products/7510904261?vendorItemId=86785139044&amp;sourceType=SDP_ALSO_VIEWED&amp;searchId=55b869b5dbe54474b32bee75ed27fb31&amp;rmdId=55b869b5dbe54474b32bee75ed27fb31&amp;eventLabel=recommendation_widget_pc_sdp_001&amp;platform=web&amp;rmdABTestInfo=79593_A,83729_A,80755_B,14554_C,83730_A&amp;rmdValue=p8415084911:vt-1.0.0:p7510904261" title="올리타리아 엑스트라 버진 올리브오일, 250ml, 1개" data-wiselog="{
               &quot;trackingTag&quot; : &quot;rmdId=55b869b5dbe54474b32bee75ed27fb31&amp;eventLabel=recommendation_widget_pc_sdp_001&amp;platform=web&amp;rmdABTestInfo=79593_A,83729_A,80755_B,14554_C,83730_A&amp;rmdValue=p8415084911:vt-1.0.0:p7510904261&quot;,
               &quot;eventAction&quot; : &quot;click&quot;
             }" data-index="13">
            <div class="recommend-widget__item__image-wrap">
              <img class="recommend-widget__item__image" src="//thumbnail7.coupangcdn.com/thumbnails/remote/292x292ex/image/1025_amir_coupang_oct_80k/8c87/d2dd23de56886f4e3425f71c4030b2b78cf5d16bd712b08a5d040fe72de2.jpg" alt="올리타리아 엑스트라 버진 올리브오일, 250ml, 1개" onerror="this.src='https://static.coupangcdn.com/image/coupang/common/no_img_1000_1000.png'">
              <span class="recommend-widget__item__quick-view-icon" data-index="13"></span>
            </div>


            <strong class="recommend-widget__item__title">올리타리아 엑스트라 버진 올리브오일, 250ml, 1개</strong>
            <span class="recommend-widget__item__price">
              <em>11,900</em>원
            </span>

				<div class="recommend-widget__item__badge-wrap">
					<img class="recommend-widget__item__badge-wrap__badge type-FALCON_FRESH " src="https://image7.coupangcdn.com/image/mobile_app/v3/brandsdp/loyalty/pc/rocket-fresh@2x.png" alt="">
				</div>

              <div class="recommend-widget__item__unit-price-container">
                <span class="recommend-widget__item__unit-price">(100ml당 4,760원)</span>
              </div>


              <div class="recommend-widget__item__review ">
                <span class="recommend-widget__item__review-score-bg">
                  <span class="recommend-widget__item__review-score" style="width:100%;">
                    <em>100%</em>
                  </span>
                </span>

                <span class="recommend-widget__item__review-count">
                  (1,119)
                </span>
              </div>
          </a>
        </li>
        <li class="recommend-widget__item" style="display: none;">
          <a target="_blank" href="//www.coupang.com/vp/products/7510928727?vendorItemId=86785227903&amp;sourceType=SDP_ALSO_VIEWED&amp;searchId=55b869b5dbe54474b32bee75ed27fb31&amp;rmdId=55b869b5dbe54474b32bee75ed27fb31&amp;eventLabel=recommendation_widget_pc_sdp_001&amp;platform=web&amp;rmdABTestInfo=79593_A,83729_A,80755_B,14554_C,83730_A&amp;rmdValue=p8415084911:vt-1.0.0:p7510928727" title="데체코 올리오 엑스트라 버진 디 올리바, 1L, 1개" data-wiselog="{
               &quot;trackingTag&quot; : &quot;rmdId=55b869b5dbe54474b32bee75ed27fb31&amp;eventLabel=recommendation_widget_pc_sdp_001&amp;platform=web&amp;rmdABTestInfo=79593_A,83729_A,80755_B,14554_C,83730_A&amp;rmdValue=p8415084911:vt-1.0.0:p7510928727&quot;,
               &quot;eventAction&quot; : &quot;click&quot;
             }" data-index="14">
            <div class="recommend-widget__item__image-wrap">
              <img class="recommend-widget__item__image" src="//thumbnail9.coupangcdn.com/thumbnails/remote/292x292ex/image/retail/images/790447285358807-bd31b1c8-7717-43cd-b5c9-08e2c66c3f96.jpg" alt="데체코 올리오 엑스트라 버진 디 올리바, 1L, 1개" onerror="this.src='https://static.coupangcdn.com/image/coupang/common/no_img_1000_1000.png'">
              <span class="recommend-widget__item__quick-view-icon" data-index="14"></span>
            </div>


            <strong class="recommend-widget__item__title">데체코 올리오 엑스트라 버진 디 올리바, 1L, 1개</strong>
            <span class="recommend-widget__item__price">
              <em>27,340</em>원
            </span>

				<div class="recommend-widget__item__badge-wrap">
					<img class="recommend-widget__item__badge-wrap__badge type-FALCON_FRESH " src="https://image7.coupangcdn.com/image/mobile_app/v3/brandsdp/loyalty/pc/rocket-fresh@2x.png" alt="">
				</div>

              <div class="recommend-widget__item__unit-price-container">
                <span class="recommend-widget__item__unit-price">(100ml당 2,734원)</span>
              </div>


              <div class="recommend-widget__item__review ">
                <span class="recommend-widget__item__review-score-bg">
                  <span class="recommend-widget__item__review-score" style="width:100%;">
                    <em>100%</em>
                  </span>
                </span>

                <span class="recommend-widget__item__review-count">
                  (486)
                </span>
              </div>
          </a>
        </li>
    </ul>
  </div>
  <a href="javascript:;" class="recommend-widget__arrow-button prev" title="이전 상품 보기">이전 상품 보기</a>
  <a href="javascript:;" class="recommend-widget__arrow-button next" title="다음 상품 보기">다음 상품 보기</a>
</div>
</div>
<div id="laptopParityCompare" style="display:none"></div>

</li>



        <li class="product-review tab-contents__content">
<div class="sdp-review">
    <div class="sdp-review__white-dimmed js_reviewWhiteBgDimmed"></div>


    <button type="button" class="sdp-review__register-modal-btn js_reviewRegisterModalBtn" data-review-write-url="http://my.coupang.com/productreview/reviewable">상품평 쓰기</button>


    <div class="sdp-review__guide-btn js_reviewAverageGuideModalBtn">상품평 운영원칙</div>


    <h4 class="sdp-review__title">상품평</h4>

    <div class="sdp-review__section_guide" style="display: block;">동일한 상품에 대해 작성된 상품평으로, 판매자는 다를 수 있습니다.</div>


    <div class="sdp-review__average js_reviewAverageContainer">




            <section class="sdp-review__average__total-star">
                <div class="sdp-review__average__total-star__info">
                    <div class="sdp-review__average__total-star__info-gray">
                        <div class="sdp-review__average__total-star__info-orange js_reviewAverageTotalStarRating" data-rating="5.0" style="width: 245px;"></div>
                    </div>

                    <div class="sdp-review__average__total-star__info-count">90,741</div>

                    <div class="sdp-review__average__total-star__info-detail"><span class="sdp-review__average__total-star__info-detail__content js_reviewAverageDetailShowBtn">자세히보기 &gt;</span></div>
                </div>


                <div class="sdp-review__average__total-star__summary js_reviewAverageSummaryModalContainer">
                    <div class="sdp-review__average__total-star__summary__title">
                        <button class="sdp-review__average__total-star__summary__title__close-btn js_reviewAverageSummaryModalCloseBtn"></button>
                        별점 정보
                    </div>

                    <div>
                        <div class="sdp-review__average__total-star__summary__total">
                            <div class="sdp-review__average__total-star__summary__total__gray">
                                <div class="sdp-review__average__total-star__summary__total__orange js_reviewAverageModalTotalStarGraph" style="width: 166px;"></div>
                            </div>

                            <div class="sdp-review__average__total-star__summary__total__count">90,741</div>
                        </div>


                            <div class="sdp-review__average__total-star__summary__graph">
                                <div class="sdp-review__average__total-star__summary__graph__state">
                                    최고




                                </div>

                                <div class="sdp-review__average__total-star__summary__graph__gray">
                                    <div class="sdp-review__average__total-star__summary__graph__orange" style="width: 84%"></div>
                                </div>

                                <div class="sdp-review__average__total-star__summary__graph__percent">84%</div>
                            </div>

                            <div class="sdp-review__average__total-star__summary__graph">
                                <div class="sdp-review__average__total-star__summary__graph__state">

                                    좋음



                                </div>

                                <div class="sdp-review__average__total-star__summary__graph__gray">
                                    <div class="sdp-review__average__total-star__summary__graph__orange" style="width: 12%"></div>
                                </div>

                                <div class="sdp-review__average__total-star__summary__graph__percent">12%</div>
                            </div>

                            <div class="sdp-review__average__total-star__summary__graph">
                                <div class="sdp-review__average__total-star__summary__graph__state">


                                    보통


                                </div>

                                <div class="sdp-review__average__total-star__summary__graph__gray">
                                    <div class="sdp-review__average__total-star__summary__graph__orange" style="width: 2%"></div>
                                </div>

                                <div class="sdp-review__average__total-star__summary__graph__percent">2%</div>
                            </div>

                            <div class="sdp-review__average__total-star__summary__graph">
                                <div class="sdp-review__average__total-star__summary__graph__state">



                                    별로

                                </div>

                                <div class="sdp-review__average__total-star__summary__graph__gray">
                                    <div class="sdp-review__average__total-star__summary__graph__orange" style="width: 1%"></div>
                                </div>

                                <div class="sdp-review__average__total-star__summary__graph__percent">1%</div>
                            </div>

                            <div class="sdp-review__average__total-star__summary__graph">
                                <div class="sdp-review__average__total-star__summary__graph__state">




                                    나쁨
                                </div>

                                <div class="sdp-review__average__total-star__summary__graph__gray">
                                    <div class="sdp-review__average__total-star__summary__graph__orange" style="width: 1%"></div>
                                </div>

                                <div class="sdp-review__average__total-star__summary__graph__percent">1%</div>
                            </div>

                    </div>
                </div>
                <div class="sdp-review__clear"></div>
            </section>



        <section class="sdp-review__average__gallery js_reviewGalleryContainer">



        <div class="js_reviewListTotalCountContainer" data-total-image-count="1,714" data-total-video-count="48">
            <ul class="sdp-review__average__gallery__list">

                    <li class="sdp-review__average__gallery__list__item sdp-review__average__gallery__list__item--video js_reviewListGalleryImage">
                        <img class="js_croppingImage" src="https://video.coupangcdn.com/cloud/PRODUCTREVIEW/202410/10/4106061346156900570/0c2b9158-5e62-44df-8907-4f2f4745637e/transcode/thumbnail-00001.png" data-reviewid="476276949" alt="갤러리 이미지" title="갤러리 상세 보기" style="width: 108px; height: auto; margin-top: -43.329px; opacity: 1;">

                        <div class="sdp-review__average__gallery__list__item__video js_reviewArticleListImage" data-thumbnail-path="https://video.coupangcdn.com/cloud/PRODUCTREVIEW/202410/10/4106061346156900570/0c2b9158-5e62-44df-8907-4f2f4745637e/transcode/thumbnail-00001.png" data-video-path="https://video.coupangcdn.com/cloud/PRODUCTREVIEW/202410/10/4106061346156900570/0c2b9158-5e62-44df-8907-4f2f4745637e/transcode/index.m3u8" data-num="0">
                            <div class="sdp-review__average__gallery__list__item__video__btn"></div>
                            <div class="sdp-review__average__gallery__list__item__video__duration">0:14</div>
                        </div>
                    </li>



                    <li class="sdp-review__average__gallery__list__item">
                        <img class="js_reviewListGalleryImage js_croppingImage" data-has-caption="true" data-caption="옆의 모니니는 퓨어 올리브오일입니다^^" src="https://thumbnail9.coupangcdn.com/thumbnails/local/320/image2/PRODUCTREVIEW/202307/8/4106061346156900570/5cb5499b-5f9d-4621-86bc-812204a69e2d.jpg" data-reviewid="476276949" alt="갤러리 이미지" title="갤러리 상세 보기" style="width: 121px; height: auto; margin-top: -19.9167px; opacity: 1;">

                            <span class="sdp-review__caption_tip"></span>

                    </li>

                    <li class="sdp-review__average__gallery__list__item">
                        <img class="js_reviewListGalleryImage js_croppingImage" data-has-caption="true" data-caption="개봉을 해보겠습니다." src="https://thumbnail10.coupangcdn.com/thumbnails/local/320/image2/PRODUCTREVIEW/202307/8/4106061346156900570/f0d0f1ef-c547-489c-a473-766ee56f74a7.jpg" data-reviewid="476276949" alt="갤러리 이미지" title="갤러리 상세 보기" style="width: 121px; height: auto; margin-top: -19.9167px; opacity: 1;">

                            <span class="sdp-review__caption_tip"></span>

                    </li>

                    <li class="sdp-review__average__gallery__list__item">
                        <img class="js_reviewListGalleryImage js_croppingImage" data-has-caption="true" data-caption="봉인씰 제거" src="https://thumbnail10.coupangcdn.com/thumbnails/local/320/image2/PRODUCTREVIEW/202307/8/4106061346156900570/3698b1d9-8471-439d-8b8e-4734dfb2bc24.jpg" data-reviewid="476276949" alt="갤러리 이미지" title="갤러리 상세 보기" style="width: 121px; height: auto; margin-top: -19.9167px; opacity: 1;">

                            <span class="sdp-review__caption_tip"></span>

                    </li>

                    <li class="sdp-review__average__gallery__list__item">
                        <img class="js_reviewListGalleryImage js_croppingImage" data-has-caption="true" data-caption="개봉" src="https://thumbnail6.coupangcdn.com/thumbnails/local/320/image2/PRODUCTREVIEW/202307/8/4106061346156900570/d4add403-a12b-4804-a738-95d981de17d1.jpg" data-reviewid="476276949" alt="갤러리 이미지" title="갤러리 상세 보기" style="width: 121px; height: auto; margin-top: -19.9167px; opacity: 1;">

                            <span class="sdp-review__caption_tip"></span>

                    </li>

                    <li class="sdp-review__average__gallery__list__item">
                        <img class="js_reviewListGalleryImage js_croppingImage" data-has-caption="true" data-caption="고소하네요 만족스럽습니다^^" src="https://thumbnail6.coupangcdn.com/thumbnails/local/320/image2/PRODUCTREVIEW/202307/8/4106061346156900570/4e3b7cae-3019-467f-a77c-0b145f8aac26.jpg" data-reviewid="476276949" alt="갤러리 이미지" title="갤러리 상세 보기" style="width: 121px; height: auto; margin-top: -19.9167px; opacity: 1;">

                            <span class="sdp-review__caption_tip"></span>

                    </li>

                    <li class="sdp-review__average__gallery__list__item">
                        <img class="js_reviewListGalleryImage js_croppingImage" data-has-caption="true" data-caption="올리타리아 엑스트라 버진" src="https://thumbnail7.coupangcdn.com/thumbnails/local/320/image2/PRODUCTREVIEW/202307/6/4106061346156900570/1b959eb1-5092-483a-b2d0-6cdeaf0b6565.jpg" data-reviewid="476276949" alt="갤러리 이미지" title="갤러리 상세 보기" style="width: 121px; height: auto; margin-top: -19.9167px; opacity: 1;">

                            <span class="sdp-review__caption_tip"></span>

                    </li>

                    <li class="sdp-review__average__gallery__list__item">
                        <img class="js_reviewListGalleryImage js_croppingImage" data-has-caption="true" data-caption="식용유" src="https://thumbnail9.coupangcdn.com/thumbnails/local/320/image2/PRODUCTREVIEW/202307/6/4106061346156900570/c20f3cb8-4b44-4b5b-b65f-b8c2b82c5dd8.jpg" data-reviewid="476276949" alt="갤러리 이미지" title="갤러리 상세 보기" style="width: 121px; height: auto; margin-top: -19.9167px; opacity: 1;">

                            <span class="sdp-review__caption_tip"></span>

                    </li>

                    <li class="sdp-review__average__gallery__list__item" style="">
                        <img class="js_reviewListGalleryImage js_croppingImage" data-has-caption="true" data-caption="완충재 빵빵합니다!" src="https://thumbnail8.coupangcdn.com/thumbnails/local/320/image2/PRODUCTREVIEW/202307/6/4106061346156900570/11436352-1bd1-4e12-8323-ecf335a01e14.jpg" data-reviewid="476276949" alt="갤러리 이미지" title="갤러리 상세 보기" style="width: 122px; height: auto; margin-top: -18.1852px; opacity: 1;">

                            <span class="sdp-review__caption_tip"></span>

                    </li>

                    <li class="sdp-review__average__gallery__list__item" style="">
                        <img class="js_reviewListGalleryImage js_croppingImage" data-has-caption="true" data-caption="뒷면" src="https://thumbnail7.coupangcdn.com/thumbnails/local/320/image2/PRODUCTREVIEW/202307/6/4106061346156900570/49980f82-41c2-4447-90f9-e276d414f773.jpg" data-reviewid="476276949" alt="갤러리 이미지" title="갤러리 상세 보기" style="width: 122px; height: auto; margin-top: -18.1852px; opacity: 1;">

                            <span class="sdp-review__caption_tip"></span>

                    </li>

                    <li class="sdp-review__average__gallery__list__item" style="">
                        <img class="js_reviewListGalleryImage js_croppingImage" data-has-caption="true" data-caption="유통기한 24년 7월 6일" src="https://thumbnail10.coupangcdn.com/thumbnails/local/320/image2/PRODUCTREVIEW/202307/6/4106061346156900570/bb82ad5a-9e3f-4787-8240-e6d5c428a8d4.jpg" data-reviewid="476276949" alt="갤러리 이미지" title="갤러리 상세 보기" style="width: 122px; height: auto; margin-top: -18.1852px; opacity: 1;">

                            <span class="sdp-review__caption_tip"></span>

                    </li>

                    <li class="sdp-review__average__gallery__list__item" style="">
                        <img class="js_reviewListGalleryImage js_croppingImage" data-has-caption="true" data-caption="두유에  귀리 랑 이것저것 넣을때도 올리브유 한스픈 넣어요." src="https://thumbnail6.coupangcdn.com/thumbnails/local/320/image2/PRODUCTREVIEW/201902/27/8933710157066412208/6d522b28-74b0-4c8f-afc3-1e5e7b189744.jpg" data-reviewid="68724347" alt="갤러리 이미지" title="갤러리 상세 보기" style="width: 122px; height: auto; margin-top: -42.1477px; opacity: 1;">

                            <span class="sdp-review__caption_tip"></span>

                    </li>



                    <li class="sdp-review__average__gallery__list__item-more-btn js_reviewListTotalCount">
                        <div class="sdp-review__average__gallery__list__item-more-btn__count">   1,754
</div>
                        <div class="sdp-review__average__gallery__list__item-more-btn__content">더보기 &gt;</div>
                    </li>

            </ul>
        </div>



</section>




            <section class="sdp-review__average__summary">

                    <div class="sdp-review__average__summary__section ">

                        <header class="sdp-review__average__summary__section__title">맛 만족도</header>

                        <ul class="sdp-review__average__summary__section__list">

                                <li class="sdp-review__average__summary__section__list__item">
                                    <div class="sdp-review__average__summary__section__list__item__answer" title="맛있어요">맛있어요</div>

                                    <div class="sdp-review__average__summary__section__list__item__graph">
                                        <div class="sdp-review__average__summary__section__list__item__graph__background">
                                            <div class="sdp-review__average__summary__section__list__item__graph__bar sdp-review__average__summary__section__list__item__graph__bar--green" style="width:65%"></div>
                                        </div>
                                    </div>

                                    <div class="sdp-review__average__summary__section__list__item__graph__percent">65%</div>
                                </li>

                                <li class="sdp-review__average__summary__section__list__item">
                                    <div class="sdp-review__average__summary__section__list__item__answer" title="보통이예요">보통이예요</div>

                                    <div class="sdp-review__average__summary__section__list__item__graph">
                                        <div class="sdp-review__average__summary__section__list__item__graph__background">
                                            <div class="sdp-review__average__summary__section__list__item__graph__bar sdp-review__average__summary__section__list__item__graph__bar--green" style="width:34%"></div>
                                        </div>
                                    </div>

                                    <div class="sdp-review__average__summary__section__list__item__graph__percent">34%</div>
                                </li>

                                <li class="sdp-review__average__summary__section__list__item">
                                    <div class="sdp-review__average__summary__section__list__item__answer" title="생각보다 별로예요">생각보다 별로예요</div>

                                    <div class="sdp-review__average__summary__section__list__item__graph">
                                        <div class="sdp-review__average__summary__section__list__item__graph__background">
                                            <div class="sdp-review__average__summary__section__list__item__graph__bar sdp-review__average__summary__section__list__item__graph__bar--green" style="width:1%"></div>
                                        </div>
                                    </div>

                                    <div class="sdp-review__average__summary__section__list__item__graph__percent">1%</div>
                                </li>

                        </ul>
                    </div>

            </section>



    <section class="sdp-review__clear"></section>

</div>


    <div class="sdp-review__highlight js_reviewHighLightContainer">





</div>


    <div class="sdp-review__article js_reviewArticleContainer">


<section class="sdp-review__article__only-rating-title">* 이 상품에 대한 상품평 작성은 기능 및 효과에 대해 오해의 소지를 제공할 수 있어 별점 평가만 가능합니다.</section>


<section class="sdp-review__article__order js_reviewArticleOrderContainer sdp-review__article__order--active">

    <div class="sdp-review__article__order__sort">

        <button class="sdp-review__article__order__sort__best-btn sdp-review__article__order__sort__btn--active js_reviewArticleHelpfulListBtn js_reviewArticleSortBtn" data-order="ORDER_SCORE_ASC">베스트순</button>

        <div class="sdp-review__article__order__sort__bar">|</div>


        <button class="sdp-review__article__order__sort__newest-btn js_reviewArticleNewListBtn js_reviewArticleSortBtn" data-order="DATE_DESC">최신순</button>


        <button class="sdp-review__article__hide-btn js_reviewRegisterRefreshBtn">글작성</button>


        <button class="sdp-review__article__hide-btn js_reviewModifyRefreshBtn">글수정</button>
    </div>


    <div class="sdp-review__article__order__search">
        <input class="sdp-review__article__order__search__input js_reviewArticleSearchKeywordInput" type="text" placeholder="상품평을 검색해보세요." maxlength="30">
        <div class="sdp-review__article__order__search__btn js_reviewArticleSearchKeywordSearchBtn">
            <img class="sdp-review__article__order__search__btn__img" src="//img1a.coupangcdn.com/image/productreview/web/pdp/article/search-btn_v1.png">
        </div>
    </div>

    <div class="sdp-review__article__order__star js_reviewArticleSearchStarSelectBtn" tabindex="-1" data-rating="null">
        <div class="sdp-review__article__order__star__all">
            <div class="sdp-review__article__order__star__all__current sdp-review__article__order__star__all__current--active js_reviewArticleCurrentStar">
                <div class="sdp-review__article__order__star__all__current__all-content">모든 별점 보기</div>
                <div class="sdp-review__article__order__star__all__current__all-count js_reviewArticleCurrentStarAllCount">90,741</div>
                <img class="sdp-review__article__order__star__all__current__all-arrow-up js_reviewArticleCurrentStarUpArrow" src="//img1a.coupangcdn.com/image/productreview/web/pdp/article/star-select-up_v1.png">
                <img class="sdp-review__article__order__star__all__current__all-arrow-down js_reviewArticleCurrentStarDownArrow" src="//img1a.coupangcdn.com/image/productreview/web/pdp/article/star-select-down_v1.png">
            </div>

            <div class="sdp-review__article__order__star__all__current js_reviewArticleCurrentStar">
                <div class="sdp-review__article__order__star__all__current__content">나쁨</div>
                <div class="sdp-review__article__order__star__all__current__star">
                    <div class="sdp-review__article__order__star__all__current__star__graph--1"></div>
                </div>
                <div class="sdp-review__article__order__star__all__current__count js_reviewArticleCurrentStarCount5">616</div>
                <img class="sdp-review__article__order__star__all__current__arrow-up js_reviewArticleCurrentStarUpArrow" src="//img1a.coupangcdn.com/image/productreview/web/pdp/article/star-select-up_v1.png">
                <img class="sdp-review__article__order__star__all__current__arrow-down js_reviewArticleCurrentStarDownArrow" src="//img1a.coupangcdn.com/image/productreview/web/pdp/article/star-select-down_v1.png">
            </div>

            <div class="sdp-review__article__order__star__all__current js_reviewArticleCurrentStar">
                <div class="sdp-review__article__order__star__all__current__content">별로</div>
                <div class="sdp-review__article__order__star__all__current__star">
                    <div class="sdp-review__article__order__star__all__current__star__graph--2"></div>
                </div>
                <div class="sdp-review__article__order__star__all__current__count js_reviewArticleCurrentStarCount4">460</div>
                <img class="sdp-review__article__order__star__all__current__arrow-up js_reviewArticleCurrentStarUpArrow" src="//img1a.coupangcdn.com/image/productreview/web/pdp/article/star-select-up_v1.png">
                <img class="sdp-review__article__order__star__all__current__arrow-down js_reviewArticleCurrentStarDownArrow" src="//img1a.coupangcdn.com/image/productreview/web/pdp/article/star-select-down_v1.png">
            </div>

            <div class="sdp-review__article__order__star__all__current js_reviewArticleCurrentStar">
                <div class="sdp-review__article__order__star__all__current__content">보통</div>
                <div class="sdp-review__article__order__star__all__current__star">
                    <div class="sdp-review__article__order__star__all__current__star__graph--3"></div>
                </div>
                <div class="sdp-review__article__order__star__all__current__count js_reviewArticleCurrentStarCount3">2,183</div>
                <img class="sdp-review__article__order__star__all__current__arrow-up js_reviewArticleCurrentStarUpArrow" src="//img1a.coupangcdn.com/image/productreview/web/pdp/article/star-select-up_v1.png">
                <img class="sdp-review__article__order__star__all__current__arrow-down js_reviewArticleCurrentStarDownArrow" src="//img1a.coupangcdn.com/image/productreview/web/pdp/article/star-select-down_v1.png">
            </div>

            <div class="sdp-review__article__order__star__all__current js_reviewArticleCurrentStar">
                <div class="sdp-review__article__order__star__all__current__content">좋음</div>
                <div class="sdp-review__article__order__star__all__current__star">
                    <div class="sdp-review__article__order__star__all__current__star__graph--4"></div>
                </div>
                <div class="sdp-review__article__order__star__all__current__count js_reviewArticleCurrentStarCount2">11,197</div>
                <img class="sdp-review__article__order__star__all__current__arrow-up js_reviewArticleCurrentStarUpArrow" src="//img1a.coupangcdn.com/image/productreview/web/pdp/article/star-select-up_v1.png">
                <img class="sdp-review__article__order__star__all__current__arrow-down js_reviewArticleCurrentStarDownArrow" src="//img1a.coupangcdn.com/image/productreview/web/pdp/article/star-select-down_v1.png">
            </div>

            <div class="sdp-review__article__order__star__all__current js_reviewArticleCurrentStar">
                <div class="sdp-review__article__order__star__all__current__content">최고</div>
                <div class="sdp-review__article__order__star__all__current__star">
                    <div class="sdp-review__article__order__star__all__current__star__graph--5"></div>
                </div>
                <div class="sdp-review__article__order__star__all__current__count js_reviewArticleCurrentStarCount1">76,285</div>
                <img class="sdp-review__article__order__star__all__current__arrow-up js_reviewArticleCurrentStarUpArrow" src="//img1a.coupangcdn.com/image/productreview/web/pdp/article/star-select-up_v1.png">
                <img class="sdp-review__article__order__star__all__current__arrow-down js_reviewArticleCurrentStarDownArrow" src="//img1a.coupangcdn.com/image/productreview/web/pdp/article/star-select-down_v1.png">
            </div>
        </div>

        <div class="sdp-review__article__order__star__option js_reviewArticleStarSelectOptionContainer">
            <div class="sdp-review__article__order__star__option__all js_reviewArticleStarSelectOption" data-rating="null">
                <div class="sdp-review__article__order__star__option__all__content">모든 별점 보기</div>
                <div class="sdp-review__article__order__star__option__all__count js_reviewArticleOptionStarAllCount">90,741</div>
            </div>

            <ul class="sdp-review__article__order__star__list">
                <li class="sdp-review__article__order__star__list__item js_reviewArticleStarSelectOption" data-rating="5">
                    <div class="sdp-review__article__order__star__list__item__content">최고</div>
                    <div class="sdp-review__article__order__star__list__item__star">
                        <div class="sdp-review__article__order__star__list__item__star__graph--5"></div>
                    </div>
                    <div class="sdp-review__article__order__star__list__item__count js_reviewArticleOptionStarCount1">76,285</div>
                </li>

                <li class="sdp-review__article__order__star__list__item js_reviewArticleStarSelectOption" data-rating="4">
                    <div class="sdp-review__article__order__star__list__item__content">좋음</div>
                    <div class="sdp-review__article__order__star__list__item__star">
                        <div class="sdp-review__article__order__star__list__item__star__graph--4"></div>
                    </div>
                    <div class="sdp-review__article__order__star__list__item__count js_reviewArticleOptionStarCount2">11,197</div>
                </li>

                <li class="sdp-review__article__order__star__list__item js_reviewArticleStarSelectOption" data-rating="3">
                    <div class="sdp-review__article__order__star__list__item__content">보통</div>
                    <div class="sdp-review__article__order__star__list__item__star">
                        <div class="sdp-review__article__order__star__list__item__star__graph--3"></div>
                    </div>
                    <div class="sdp-review__article__order__star__list__item__count js_reviewArticleOptionStarCount3">2,183</div>
                </li>

                <li class="sdp-review__article__order__star__list__item js_reviewArticleStarSelectOption" data-rating="2">
                    <div class="sdp-review__article__order__star__list__item__content">별로</div>
                    <div class="sdp-review__article__order__star__list__item__star">
                        <div class="sdp-review__article__order__star__list__item__star__graph--2"></div>
                    </div>
                    <div class="sdp-review__article__order__star__list__item__count js_reviewArticleOptionStarCount4">460</div>
                </li>

                <li class="sdp-review__article__order__star__list__item js_reviewArticleStarSelectOption" data-rating="1">
                    <div class="sdp-review__article__order__star__list__item__content">나쁨</div>
                    <div class="sdp-review__article__order__star__list__item__star">
                        <div class="sdp-review__article__order__star__list__item__star__graph--1"></div>
                    </div>
                    <div class="sdp-review__article__order__star__list__item__count js_reviewArticleOptionStarCount5">616</div>
                </li>
            </ul>
        </div>
    </div>
</section>


<section class="sdp-review__article__search-result js_reviewArticleSearchResultContainer">
    <div class="sdp-review__article__search-result__close js_reviewArticleSearchCloseBtn">
        <img class="sdp-review__article__search-result__close__btn" src="//img1a.coupangcdn.com/image/productreview/web/pdp/btn-productreview-photoviewer-btnclose_v1.png">
    </div>

    <div class="sdp-review__article__search-result__word js_reviewArticleSearchResultKeywordContainer">
        <span class="sdp-review__article__search-result__word__keyword js_reviewArticleSearchResultKeyword">'커버력'</span> <span class="js_reviewArticleSearchResultKeywordCount">139</span>개의 검색 결과가 있습니다.
    </div>

    <div class="sdp-review__article__search-result__star js_reviewArticleSearchResultStar">
        <div class="sdp-review__article__search-result__star__content">나쁨</div>
        <div class="sdp-review__article__search-result__star__graph">
            <div class="sdp-review__article__search-result__star__graph__orange-1"></div>
        </div>
    </div>

    <div class="sdp-review__article__search-result__star js_reviewArticleSearchResultStar">
        <div class="sdp-review__article__search-result__star__content">별로</div>
        <div class="sdp-review__article__search-result__star__graph">
            <div class="sdp-review__article__search-result__star__graph__orange-2"></div>
        </div>
    </div>

    <div class="sdp-review__article__search-result__star js_reviewArticleSearchResultStar">
        <div class="sdp-review__article__search-result__star__content">보통</div>
        <div class="sdp-review__article__search-result__star__graph">
            <div class="sdp-review__article__search-result__star__graph__orange-3"></div>
        </div>
    </div>

    <div class="sdp-review__article__search-result__star js_reviewArticleSearchResultStar">
        <div class="sdp-review__article__search-result__star__content">좋음</div>
        <div class="sdp-review__article__search-result__star__graph">
            <div class="sdp-review__article__search-result__star__graph__orange-4"></div>
        </div>
    </div>

    <div class="sdp-review__article__search-result__star js_reviewArticleSearchResultStar">
        <div class="sdp-review__article__search-result__star__content">최고</div>
        <div class="sdp-review__article__search-result__star__graph">
            <div class="sdp-review__article__search-result__star__graph__orange-5"></div>
        </div>
    </div>
</section>


<section class="js_reviewArticleListContainer">

    <div class="sdp-review__article__list__hidden-rating">

            <div class="js_reviewArticleHiddenValue" data-count="76285"></div>

            <div class="js_reviewArticleHiddenValue" data-count="11197"></div>

            <div class="js_reviewArticleHiddenValue" data-count="2183"></div>

            <div class="js_reviewArticleHiddenValue" data-count="460"></div>

            <div class="js_reviewArticleHiddenValue" data-count="616"></div>

    </div>


<div class="sdp-review__article__list__hidden-rating js_reviewArticleTotalCountHiddenValue" data-review-total-count="90741" data-total-count="90741"></div>


    <article class="sdp-review__article__list js_reviewArticleReviewList">

        <div class="sdp-review__article__list__info">



                <div class="sdp-review__article__list__info__profile">

                    <img class="js_reviewArticleCrop js_reviewUserProfileImage" src="//img1a.coupangcdn.com/image/productreview/web/pdp/profile/img-profile-empty.png" data-member-id="1185728" style="width: 100%; height: auto; margin-top: 0px; opacity: 1;">
                </div>



            <div class="sdp-review__article__list__info__user">

                <span class="sdp-review__article__list__info__user__name js_reviewUserProfileImage" data-member-id="1185728">딸랑구mom&nbsp;</span>


            </div>


            <div class="sdp-review__article__list__info__product-info">
                <div class="sdp-review__article__list__info__product-info__star-gray">
                    <div class="sdp-review__article__list__info__product-info__star-orange js_reviewArticleRatingValue" data-rating="5" style="width: 100%;"></div>
                </div>
                <div class="sdp-review__article__list__info__product-info__reg-date">2025.05.26</div>
            </div>


                <div class="sdp-review__article__list__info__product-info__seller_name">
                    판매자: 쿠팡(주)
                </div>


            <div class="sdp-review__article__list__info__product-info__name">올리타리아 엑스트라버진 올리브유, 1L, 1개</div>
        </div>


            <div class="sdp-review__article__list__attachment js_reviewArticleListGalleryContainer">





                        <div class="sdp-review__article__list__attachment__list">
                            <img class="sdp-review__article__list__attachment__img js_reviewArticleListImage js_reviewArticleCrop" src="https://thumbnail10.coupangcdn.com/thumbnails/local/320/image2/PRODUCTREVIEW/202505/26/7600560410736913520/708c6a54-7fc3-4fe4-b576-fcf6673a7e44.jpg" data-video-size="0" data-thumbnail-path="https://thumbnail10.coupangcdn.com/thumbnails/local/320/image2/PRODUCTREVIEW/202505/26/7600560410736913520/708c6a54-7fc3-4fe4-b576-fcf6673a7e44.jpg" data-origin-path="https://thumbnail10.coupangcdn.com/thumbnails/local/q-1/image2/PRODUCTREVIEW/202505/26/7600560410736913520/708c6a54-7fc3-4fe4-b576-fcf6673a7e44.jpg" data-num="0" style="width: 100%; height: auto; margin-top: -14.5453px; opacity: 1;">

                        </div>

                        <div class="sdp-review__article__list__attachment__list">
                            <img class="sdp-review__article__list__attachment__img js_reviewArticleListImage js_reviewArticleCrop" src="https://thumbnail9.coupangcdn.com/thumbnails/local/320/image2/PRODUCTREVIEW/202505/26/7600560410736913520/fe6eae02-4f13-4775-8e71-377f4145dfcf.jpg" data-video-size="0" data-thumbnail-path="https://thumbnail9.coupangcdn.com/thumbnails/local/320/image2/PRODUCTREVIEW/202505/26/7600560410736913520/fe6eae02-4f13-4775-8e71-377f4145dfcf.jpg" data-origin-path="https://thumbnail9.coupangcdn.com/thumbnails/local/q-1/image2/PRODUCTREVIEW/202505/26/7600560410736913520/fe6eae02-4f13-4775-8e71-377f4145dfcf.jpg" data-num="1" style="width: 100%; height: auto; margin-top: -14.5453px; opacity: 1;">

                        </div>

                        <div class="sdp-review__article__list__attachment__list">
                            <img class="sdp-review__article__list__attachment__img js_reviewArticleListImage js_reviewArticleCrop" src="https://thumbnail9.coupangcdn.com/thumbnails/local/320/image2/PRODUCTREVIEW/202505/26/7600560410736913520/8933f293-c485-49bc-a546-1f96bc0a5878.jpg" data-video-size="0" data-thumbnail-path="https://thumbnail9.coupangcdn.com/thumbnails/local/320/image2/PRODUCTREVIEW/202505/26/7600560410736913520/8933f293-c485-49bc-a546-1f96bc0a5878.jpg" data-origin-path="https://thumbnail9.coupangcdn.com/thumbnails/local/q-1/image2/PRODUCTREVIEW/202505/26/7600560410736913520/8933f293-c485-49bc-a546-1f96bc0a5878.jpg" data-num="2" style="width: 100%; height: auto; margin-top: -14.5453px; opacity: 1;">

                        </div>

                        <div class="sdp-review__article__list__attachment__list">
                            <img class="sdp-review__article__list__attachment__img js_reviewArticleListImage js_reviewArticleCrop" src="https://thumbnail6.coupangcdn.com/thumbnails/local/320/image2/PRODUCTREVIEW/202505/26/7600560410736913520/7e86144e-3cf9-4d4f-8acd-3c6f3ef1e055.jpg" data-video-size="0" data-thumbnail-path="https://thumbnail6.coupangcdn.com/thumbnails/local/320/image2/PRODUCTREVIEW/202505/26/7600560410736913520/7e86144e-3cf9-4d4f-8acd-3c6f3ef1e055.jpg" data-origin-path="https://thumbnail6.coupangcdn.com/thumbnails/local/q-1/image2/PRODUCTREVIEW/202505/26/7600560410736913520/7e86144e-3cf9-4d4f-8acd-3c6f3ef1e055.jpg" data-num="3" style="width: 100%; height: auto; margin-top: -14.5453px; opacity: 1;">

                        </div>

                        <div class="sdp-review__article__list__attachment__list">
                            <img class="sdp-review__article__list__attachment__img js_reviewArticleListImage js_reviewArticleCrop" src="https://thumbnail8.coupangcdn.com/thumbnails/local/320/image2/PRODUCTREVIEW/202505/26/7600560410736913520/bffc1e49-fd3d-4dfa-8203-3955192ab651.jpg" data-video-size="0" data-thumbnail-path="https://thumbnail8.coupangcdn.com/thumbnails/local/320/image2/PRODUCTREVIEW/202505/26/7600560410736913520/bffc1e49-fd3d-4dfa-8203-3955192ab651.jpg" data-origin-path="https://thumbnail8.coupangcdn.com/thumbnails/local/q-1/image2/PRODUCTREVIEW/202505/26/7600560410736913520/bffc1e49-fd3d-4dfa-8203-3955192ab651.jpg" data-num="4" style="width: 100%; height: auto; margin-top: -14.5453px; opacity: 1;">

                        </div>

                        <div class="sdp-review__article__list__attachment__list">
                            <img class="sdp-review__article__list__attachment__img js_reviewArticleListImage js_reviewArticleCrop" src="https://thumbnail6.coupangcdn.com/thumbnails/local/320/image2/PRODUCTREVIEW/202505/26/7600560410736913520/e62e5e64-634c-441a-9e80-e3b629b5a352.jpg" data-video-size="0" data-thumbnail-path="https://thumbnail6.coupangcdn.com/thumbnails/local/320/image2/PRODUCTREVIEW/202505/26/7600560410736913520/e62e5e64-634c-441a-9e80-e3b629b5a352.jpg" data-origin-path="https://thumbnail6.coupangcdn.com/thumbnails/local/q-1/image2/PRODUCTREVIEW/202505/26/7600560410736913520/e62e5e64-634c-441a-9e80-e3b629b5a352.jpg" data-num="5" style="width: 100%; height: auto; margin-top: -14.5453px; opacity: 1;">

                        </div>

                        <div class="sdp-review__article__list__attachment__list">
                            <img class="sdp-review__article__list__attachment__img js_reviewArticleListImage js_reviewArticleCrop" src="https://thumbnail10.coupangcdn.com/thumbnails/local/320/image2/PRODUCTREVIEW/202505/26/7600560410736913520/ccef3d76-6e98-4dc9-b667-750257c88fa1.jpg" data-video-size="0" data-thumbnail-path="https://thumbnail10.coupangcdn.com/thumbnails/local/320/image2/PRODUCTREVIEW/202505/26/7600560410736913520/ccef3d76-6e98-4dc9-b667-750257c88fa1.jpg" data-origin-path="https://thumbnail10.coupangcdn.com/thumbnails/local/q-1/image2/PRODUCTREVIEW/202505/26/7600560410736913520/ccef3d76-6e98-4dc9-b667-750257c88fa1.jpg" data-num="6" style="width: 100%; height: auto; margin-top: -14.5453px; opacity: 1;">

                        </div>

                        <div class="sdp-review__article__list__attachment__list">
                            <img class="sdp-review__article__list__attachment__img js_reviewArticleListImage js_reviewArticleCrop" src="https://thumbnail7.coupangcdn.com/thumbnails/local/320/image2/PRODUCTREVIEW/202505/26/7600560410736913520/9d2cdf29-ba54-4b83-a42c-f72b186f2223.jpg" data-video-size="0" data-thumbnail-path="https://thumbnail7.coupangcdn.com/thumbnails/local/320/image2/PRODUCTREVIEW/202505/26/7600560410736913520/9d2cdf29-ba54-4b83-a42c-f72b186f2223.jpg" data-origin-path="https://thumbnail7.coupangcdn.com/thumbnails/local/q-1/image2/PRODUCTREVIEW/202505/26/7600560410736913520/9d2cdf29-ba54-4b83-a42c-f72b186f2223.jpg" data-num="7" style="width: 100%; height: auto; margin-top: -14.5453px; opacity: 1;">

                        </div>


            </div>






            <div class="sdp-review__article__list__review js_reviewArticleContentContainer">
                <div class="sdp-review__article__list__review__content js_reviewArticleContent">

                        ❤️구매한계기<br>
 최근 식용 기름에 대해 조금씩 알아가고 있습니다. XX씨유 등은 몸에 안좋다는 이야기를 많이 들어 최근엔 올리브오일을 구매해서 먹는 편이에요. 가성비 올리브유도 있고, 비싼 올리브유도 있는데 딱 적당한 가격의 엑스트라버진 올리브유라 구입하게 되었어요.<br>
<br>
❤️장점<br>
 - 사실 고급 올리브유도 많지만 요리용으로 특유의 올리브향이 강한 오일도 있는데, 오리타리아 엑스트라버진 올리브유는 적당한 향이 오히려 거부감이 덜할 것 같아요.<br>
<br>
 - 풍미와 예민한 후각을 가진 아이들에게 첫 올리브유로 사용하기 적합하다고 생각해요.<br>
<br>
 - 엑스트라버진 올리브유임에도 합리적인 가격대에요.<br>
<br>
 - 이탈리아산 원료를 사용했어요.<br>
<br>
 - 맛이 깔끔해요<br>
<br>
❤️단점<br>
 - 풍미가 금액대가 비싼 올리브유보다 조금 떨어져요. 그래서 샐러드 등에 뿌려먹기엔 향이 조금 아쉬울 수 있어요<br>
<br>
❤️만족도 및 재구매 의사<br>
 ★★★★★ / O<br>
 저는 개인적으로 올리브유 향이 엄청 강한걸 선호하지 않는 편이라, 저는 딱 좋은 풍미와 향인 것 같아요. 아마 먹다보면 더 깊은 향을 제가 원할 수도 있을 것 같기도 하네요 ㅎㅎ<br>
<br>
❤️총평<br>
 1리터가 유리병에 담겨있어 조금 무겁긴 하지만, 그래도 사용하기 좋아요 ! 올리브유는 불에 가까이 두지 않고 사용하는게 좋아요. 저는 그래서 따로 밑에 서랍에 두고 사용하고 있어요. 전체적으로 만족하며 쓰는 올리브유 입니다. 다 떨어지면 꼭 다시 구매할 만한 제품이에요 !<br>
<br>
제 리뷰가 도움이 되셨다면 ‘도움이 돼요’ 버튼을 눌러주세요:) 감사합니다❤️

                </div>
            </div>




            <div class="sdp-review__article__list__survey">

                    <div class="sdp-review__article__list__survey__row">
                        <span class="sdp-review__article__list__survey__row__question">맛 만족도</span>
                        <span class="sdp-review__article__list__survey__row__answer">맛있어요</span>
                    </div>

            </div>



        <div class="sdp-review__article__list__help js_reviewArticleHelpfulContainer" data-review-id="723681935" data-count="3">




                        <div class="sdp-review__article__list__help__count"><strong><span class="js_reviewArticleHelpfulCount">3</span></strong>명에게 도움 됨</div>
                        <div class="hidden js__help__count__tip">이 상품평이 도움 되었나요?</div>

                    <button class="sdp-review__article__list__help__btn js_reviewArticleHelpBtn ">도움이 돼요</button>
                    <button class="sdp-review__article__list__help__btn js_reviewArticleNoHelpBtn ">도움 안 돼요</button>

                <button class="sdp-review__article__list__help__report-btn js_reviewArticleReviewReportBtn" data-review-id="723681935">신고하기</button>

            <div class="sdp-review__clear"></div>





        </div>
    </article>

    <article class="sdp-review__article__list js_reviewArticleReviewList">

        <div class="sdp-review__article__list__info">



                <div class="sdp-review__article__list__info__profile">

                    <img class="js_reviewArticleCrop js_reviewUserProfileImage" src="//img1a.coupangcdn.com/image/productreview/web/pdp/profile/img-profile-empty.png" data-member-id="125417925" style="width: 100%; height: auto; margin-top: 0px; opacity: 1;">
                </div>



            <div class="sdp-review__article__list__info__user">

                <span class="sdp-review__article__list__info__user__name js_reviewUserProfileImage" data-member-id="125417925">김*서&nbsp;</span>


            </div>


            <div class="sdp-review__article__list__info__product-info">
                <div class="sdp-review__article__list__info__product-info__star-gray">
                    <div class="sdp-review__article__list__info__product-info__star-orange js_reviewArticleRatingValue" data-rating="5" style="width: 100%;"></div>
                </div>
                <div class="sdp-review__article__list__info__product-info__reg-date">2025.05.25</div>
            </div>


                <div class="sdp-review__article__list__info__product-info__seller_name">
                    판매자: 쿠팡(주)
                </div>


            <div class="sdp-review__article__list__info__product-info__name">올리타리아 엑스트라버진 올리브유, 1L, 1개</div>
        </div>


            <div class="sdp-review__article__list__attachment js_reviewArticleListGalleryContainer">





                        <div class="sdp-review__article__list__attachment__list">
                            <img class="sdp-review__article__list__attachment__img js_reviewArticleListImage js_reviewArticleCrop" src="https://thumbnail10.coupangcdn.com/thumbnails/local/320/image2/PRODUCTREVIEW/202505/25/798095060617344874/0d649702-7a5a-47f0-a1a1-0b247c7107d6.jpg" data-video-size="0" data-thumbnail-path="https://thumbnail10.coupangcdn.com/thumbnails/local/320/image2/PRODUCTREVIEW/202505/25/798095060617344874/0d649702-7a5a-47f0-a1a1-0b247c7107d6.jpg" data-origin-path="https://thumbnail10.coupangcdn.com/thumbnails/local/q-1/image2/PRODUCTREVIEW/202505/25/798095060617344874/0d649702-7a5a-47f0-a1a1-0b247c7107d6.jpg" data-num="0" style="width: 100%; height: auto; margin-top: 0px; opacity: 1;">

                        </div>

                        <div class="sdp-review__article__list__attachment__list">
                            <img class="sdp-review__article__list__attachment__img js_reviewArticleListImage js_reviewArticleCrop" src="https://thumbnail9.coupangcdn.com/thumbnails/local/320/image2/PRODUCTREVIEW/202505/25/798095060617344874/4f02e82c-ad6f-41c9-b19d-d7cf1b4d3797.jpg" data-video-size="0" data-thumbnail-path="https://thumbnail9.coupangcdn.com/thumbnails/local/320/image2/PRODUCTREVIEW/202505/25/798095060617344874/4f02e82c-ad6f-41c9-b19d-d7cf1b4d3797.jpg" data-origin-path="https://thumbnail9.coupangcdn.com/thumbnails/local/q-1/image2/PRODUCTREVIEW/202505/25/798095060617344874/4f02e82c-ad6f-41c9-b19d-d7cf1b4d3797.jpg" data-num="1" style="width: 100%; height: auto; margin-top: 0px; opacity: 1;">

                        </div>

                        <div class="sdp-review__article__list__attachment__list">
                            <img class="sdp-review__article__list__attachment__img js_reviewArticleListImage js_reviewArticleCrop" src="https://thumbnail10.coupangcdn.com/thumbnails/local/320/image2/PRODUCTREVIEW/202505/25/798095060617344874/c1f98102-55ab-47df-8e86-f799e7d0bb6c.jpg" data-video-size="0" data-thumbnail-path="https://thumbnail10.coupangcdn.com/thumbnails/local/320/image2/PRODUCTREVIEW/202505/25/798095060617344874/c1f98102-55ab-47df-8e86-f799e7d0bb6c.jpg" data-origin-path="https://thumbnail10.coupangcdn.com/thumbnails/local/q-1/image2/PRODUCTREVIEW/202505/25/798095060617344874/c1f98102-55ab-47df-8e86-f799e7d0bb6c.jpg" data-num="2" style="width: 100%; height: auto; margin-top: 0px; opacity: 1;">

                        </div>

                        <div class="sdp-review__article__list__attachment__list">
                            <img class="sdp-review__article__list__attachment__img js_reviewArticleListImage js_reviewArticleCrop" src="https://thumbnail10.coupangcdn.com/thumbnails/local/320/image2/PRODUCTREVIEW/202505/25/798095060617344874/c96100a7-8b66-47ce-956b-44ff97ae1bbb.jpg" data-video-size="0" data-thumbnail-path="https://thumbnail10.coupangcdn.com/thumbnails/local/320/image2/PRODUCTREVIEW/202505/25/798095060617344874/c96100a7-8b66-47ce-956b-44ff97ae1bbb.jpg" data-origin-path="https://thumbnail10.coupangcdn.com/thumbnails/local/q-1/image2/PRODUCTREVIEW/202505/25/798095060617344874/c96100a7-8b66-47ce-956b-44ff97ae1bbb.jpg" data-num="3" style="width: 100%; height: auto; margin-top: 0px; opacity: 1;">

                        </div>

                        <div class="sdp-review__article__list__attachment__list">
                            <img class="sdp-review__article__list__attachment__img js_reviewArticleListImage js_reviewArticleCrop" src="https://thumbnail6.coupangcdn.com/thumbnails/local/320/image2/PRODUCTREVIEW/202505/25/798095060617344874/bbdd26a6-5c5a-4eee-ab61-24b6a39a46c2.jpg" data-video-size="0" data-thumbnail-path="https://thumbnail6.coupangcdn.com/thumbnails/local/320/image2/PRODUCTREVIEW/202505/25/798095060617344874/bbdd26a6-5c5a-4eee-ab61-24b6a39a46c2.jpg" data-origin-path="https://thumbnail6.coupangcdn.com/thumbnails/local/q-1/image2/PRODUCTREVIEW/202505/25/798095060617344874/bbdd26a6-5c5a-4eee-ab61-24b6a39a46c2.jpg" data-num="4" style="width: 100%; height: auto; margin-top: 0px; opacity: 1;">

                        </div>

                        <div class="sdp-review__article__list__attachment__list">
                            <img class="sdp-review__article__list__attachment__img js_reviewArticleListImage js_reviewArticleCrop" src="https://thumbnail7.coupangcdn.com/thumbnails/local/320/image2/PRODUCTREVIEW/202505/25/798095060617344874/ffc58bd4-ef17-4a97-9db2-7345f89fd2c9.jpg" data-video-size="0" data-thumbnail-path="https://thumbnail7.coupangcdn.com/thumbnails/local/320/image2/PRODUCTREVIEW/202505/25/798095060617344874/ffc58bd4-ef17-4a97-9db2-7345f89fd2c9.jpg" data-origin-path="https://thumbnail7.coupangcdn.com/thumbnails/local/q-1/image2/PRODUCTREVIEW/202505/25/798095060617344874/ffc58bd4-ef17-4a97-9db2-7345f89fd2c9.jpg" data-num="5" style="width: 100%; height: auto; margin-top: 0px; opacity: 1;">

                        </div>

                        <div class="sdp-review__article__list__attachment__list">
                            <img class="sdp-review__article__list__attachment__img js_reviewArticleListImage js_reviewArticleCrop" src="https://thumbnail9.coupangcdn.com/thumbnails/local/320/image2/PRODUCTREVIEW/202505/25/798095060617344874/4438fcad-9e7d-4c41-9f8d-af3a4f5c6d64.jpg" data-video-size="0" data-thumbnail-path="https://thumbnail9.coupangcdn.com/thumbnails/local/320/image2/PRODUCTREVIEW/202505/25/798095060617344874/4438fcad-9e7d-4c41-9f8d-af3a4f5c6d64.jpg" data-origin-path="https://thumbnail9.coupangcdn.com/thumbnails/local/q-1/image2/PRODUCTREVIEW/202505/25/798095060617344874/4438fcad-9e7d-4c41-9f8d-af3a4f5c6d64.jpg" data-num="6" style="width: 100%; height: auto; margin-top: 0px; opacity: 1;">

                        </div>

                        <div class="sdp-review__article__list__attachment__list">
                            <img class="sdp-review__article__list__attachment__img js_reviewArticleListImage js_reviewArticleCrop" src="https://thumbnail7.coupangcdn.com/thumbnails/local/320/image2/PRODUCTREVIEW/202505/25/798095060617344874/23cb68c1-ebb9-4248-be57-293ccb2df1d6.jpg" data-video-size="0" data-thumbnail-path="https://thumbnail7.coupangcdn.com/thumbnails/local/320/image2/PRODUCTREVIEW/202505/25/798095060617344874/23cb68c1-ebb9-4248-be57-293ccb2df1d6.jpg" data-origin-path="https://thumbnail7.coupangcdn.com/thumbnails/local/q-1/image2/PRODUCTREVIEW/202505/25/798095060617344874/23cb68c1-ebb9-4248-be57-293ccb2df1d6.jpg" data-num="7" style="width: 100%; height: auto; margin-top: 0px; opacity: 1;">

                        </div>

                        <div class="sdp-review__article__list__attachment__list">
                            <img class="sdp-review__article__list__attachment__img js_reviewArticleListImage js_reviewArticleCrop" src="https://thumbnail7.coupangcdn.com/thumbnails/local/320/image2/PRODUCTREVIEW/202505/25/798095060617344874/1cd60617-5cc5-4f3f-9744-7df3f1bf6896.jpg" data-video-size="0" data-thumbnail-path="https://thumbnail7.coupangcdn.com/thumbnails/local/320/image2/PRODUCTREVIEW/202505/25/798095060617344874/1cd60617-5cc5-4f3f-9744-7df3f1bf6896.jpg" data-origin-path="https://thumbnail7.coupangcdn.com/thumbnails/local/q-1/image2/PRODUCTREVIEW/202505/25/798095060617344874/1cd60617-5cc5-4f3f-9744-7df3f1bf6896.jpg" data-num="8" style="width: 100%; height: auto; margin-top: 0px; opacity: 1;">

                        </div>

                        <div class="sdp-review__article__list__attachment__list">
                            <img class="sdp-review__article__list__attachment__img js_reviewArticleListImage js_reviewArticleCrop" src="https://thumbnail7.coupangcdn.com/thumbnails/local/320/image2/PRODUCTREVIEW/202505/25/798095060617344874/5ee3896e-982b-47e8-9eec-8af49e0ae888.jpg" data-video-size="0" data-thumbnail-path="https://thumbnail7.coupangcdn.com/thumbnails/local/320/image2/PRODUCTREVIEW/202505/25/798095060617344874/5ee3896e-982b-47e8-9eec-8af49e0ae888.jpg" data-origin-path="https://thumbnail7.coupangcdn.com/thumbnails/local/q-1/image2/PRODUCTREVIEW/202505/25/798095060617344874/5ee3896e-982b-47e8-9eec-8af49e0ae888.jpg" data-num="9" style="width: 100%; height: auto; margin-top: 0px; opacity: 1;">

                        </div>


            </div>



            <div class="sdp-review__article__list__headline">

                    “고소하고 깔끔한 맛, 자취생도 만족한 건강한 선택!”

            </div>




            <div class="sdp-review__article__list__review js_reviewArticleContentContainer">
                <div class="sdp-review__article__list__review__content js_reviewArticleContent">

                        다이어트를 결심하면서 자연스럽게 식단 관리에 신경을 쓰게 됐고, 그 과정에서 가장 먼저 바꾸기로 한 게 바로 기름 선택이었어요. 평소엔 그냥 집에 있는 식용유를 썼지만, 건강한 지방을 챙기고 싶어서 이것저것 알아보다가 결국 올리타리아 엑스트라버진 올리브유 1L를 구매하게 됐습니다.<br>
<br>
사실 자취생 입장에서는 1L 용량의 올리브유가 살짝 부담스러운 가격이긴 했지만, 매일 쓰는 식재료다 보니 **“건강을 위한 투자”**라는 생각으로 큰맘 먹고 장바구니에 담았어요. 받아보니 생각보다 깔끔하고 고급스러운 패키징에 먼저 만족했고, 오일의 색도 투명하고 맑아서 신선한 느낌이 들었어요.<br>
<br>
무엇보다 맛이 정말 고소하고 깔끔해서 좋았어요. 그냥 샐러드에 뿌려도 느끼함 없이 산뜻하고, 구이나 볶음 요리에 쓸 때도 음식 본연의 맛을 해치지 않고 부드럽게 살려주는 느낌이 들어 만족감이 컸어요. 특히 고기 굽거나 계란후라이 할 때 써보면 기름 특유의 텁텁한 맛 없이 재료가 더 깔끔하게 익어서 입맛이 도는 기분이에요.<br>
<br>
기존에 쓰던 식용유와 비교해보면 확실히 냄새도 덜하고, 요리할 때 주방 공기가 더 쾌적한 느낌이 들더라고요. 처음엔 “엑스트라버진”이라는 이름이 뭐가 그렇게 대단하겠어 싶었는데, 막상 써보니까 왜 사람들이 이 등급을 고집하는지 알겠더라고요.<br>
<br>
용량도 많아서 자주 사지 않아도 되고, 한 번 사두면 꽤 오랫동안 다양하게 활용할 수 있어서 오히려 경제적인 느낌도 들어요. 앞으로는 이 제품으로 정착할 생각이에요. 건강도 챙기고 음식 맛도 살려주는 올리브유, 다이어트든 일반 식단이든 정말 추천하고 싶은 제품입니다!

                </div>
            </div>




            <div class="sdp-review__article__list__survey">

                    <div class="sdp-review__article__list__survey__row">
                        <span class="sdp-review__article__list__survey__row__question">맛 만족도</span>
                        <span class="sdp-review__article__list__survey__row__answer">맛있어요</span>
                    </div>

            </div>



        <div class="sdp-review__article__list__help js_reviewArticleHelpfulContainer" data-review-id="723518454" data-count="1">




                        <div class="sdp-review__article__list__help__count"><strong><span class="js_reviewArticleHelpfulCount">1</span></strong>명에게 도움 됨</div>
                        <div class="hidden js__help__count__tip">이 상품평이 도움 되었나요?</div>

                    <button class="sdp-review__article__list__help__btn js_reviewArticleHelpBtn ">도움이 돼요</button>
                    <button class="sdp-review__article__list__help__btn js_reviewArticleNoHelpBtn ">도움 안 돼요</button>

                <button class="sdp-review__article__list__help__report-btn js_reviewArticleReviewReportBtn" data-review-id="723518454">신고하기</button>

            <div class="sdp-review__clear"></div>





        </div>
    </article>

    <article class="sdp-review__article__list js_reviewArticleReviewList">

        <div class="sdp-review__article__list__info">



                <div class="sdp-review__article__list__info__profile">

                    <img class="js_reviewArticleCrop js_reviewUserProfileImage" src="//img1a.coupangcdn.com/image/productreview/web/pdp/profile/img-profile-empty.png" data-member-id="106460409" style="width: 100%; height: auto; margin-top: 0px; opacity: 1;">
                </div>



            <div class="sdp-review__article__list__info__user">

                <span class="sdp-review__article__list__info__user__name js_reviewUserProfileImage" data-member-id="106460409">김*진&nbsp;</span>


            </div>


            <div class="sdp-review__article__list__info__product-info">
                <div class="sdp-review__article__list__info__product-info__star-gray">
                    <div class="sdp-review__article__list__info__product-info__star-orange js_reviewArticleRatingValue" data-rating="5" style="width: 100%;"></div>
                </div>
                <div class="sdp-review__article__list__info__product-info__reg-date">2025.05.25</div>
            </div>


                <div class="sdp-review__article__list__info__product-info__seller_name">
                    판매자: 쿠팡(주)
                </div>


            <div class="sdp-review__article__list__info__product-info__name">올리타리아 엑스트라버진 올리브유, 1L, 1개</div>
        </div>


            <div class="sdp-review__article__list__attachment js_reviewArticleListGalleryContainer">





                        <div class="sdp-review__article__list__attachment__list">
                            <img class="sdp-review__article__list__attachment__img js_reviewArticleListImage js_reviewArticleCrop" src="https://thumbnail9.coupangcdn.com/thumbnails/local/320/image2/PRODUCTREVIEW/202505/25/7447077397255760718/57159767-a0b3-4051-b127-4951e888b48c.jpg" data-video-size="0" data-thumbnail-path="https://thumbnail9.coupangcdn.com/thumbnails/local/320/image2/PRODUCTREVIEW/202505/25/7447077397255760718/57159767-a0b3-4051-b127-4951e888b48c.jpg" data-origin-path="https://thumbnail9.coupangcdn.com/thumbnails/local/q-1/image2/PRODUCTREVIEW/202505/25/7447077397255760718/57159767-a0b3-4051-b127-4951e888b48c.jpg" data-num="0" style="width: 100%; height: auto; margin-top: 0px; opacity: 1;">

                        </div>

                        <div class="sdp-review__article__list__attachment__list">
                            <img class="sdp-review__article__list__attachment__img js_reviewArticleListImage js_reviewArticleCrop" src="https://thumbnail9.coupangcdn.com/thumbnails/local/320/image2/PRODUCTREVIEW/202505/25/7447077397255760718/9d24b961-5400-402e-a713-e75022989c51.jpg" data-video-size="0" data-thumbnail-path="https://thumbnail9.coupangcdn.com/thumbnails/local/320/image2/PRODUCTREVIEW/202505/25/7447077397255760718/9d24b961-5400-402e-a713-e75022989c51.jpg" data-origin-path="https://thumbnail9.coupangcdn.com/thumbnails/local/q-1/image2/PRODUCTREVIEW/202505/25/7447077397255760718/9d24b961-5400-402e-a713-e75022989c51.jpg" data-num="1" style="width: 100%; height: auto; margin-top: 0px; opacity: 1;">

                        </div>

                        <div class="sdp-review__article__list__attachment__list">
                            <img class="sdp-review__article__list__attachment__img js_reviewArticleListImage js_reviewArticleCrop" src="https://thumbnail6.coupangcdn.com/thumbnails/local/320/image2/PRODUCTREVIEW/202505/25/7447077397255760718/8d15c8f9-c09b-4e18-bd83-3f794aaffc7f.jpg" data-video-size="0" data-thumbnail-path="https://thumbnail6.coupangcdn.com/thumbnails/local/320/image2/PRODUCTREVIEW/202505/25/7447077397255760718/8d15c8f9-c09b-4e18-bd83-3f794aaffc7f.jpg" data-origin-path="https://thumbnail6.coupangcdn.com/thumbnails/local/q-1/image2/PRODUCTREVIEW/202505/25/7447077397255760718/8d15c8f9-c09b-4e18-bd83-3f794aaffc7f.jpg" data-num="2" style="width: 100%; height: auto; margin-top: 0px; opacity: 1;">

                        </div>

                        <div class="sdp-review__article__list__attachment__list">
                            <img class="sdp-review__article__list__attachment__img js_reviewArticleListImage js_reviewArticleCrop" src="https://thumbnail8.coupangcdn.com/thumbnails/local/320/image2/PRODUCTREVIEW/202505/25/7447077397255760718/06f1e503-790e-4ed1-892c-d71f70a5ef9e.jpg" data-video-size="0" data-thumbnail-path="https://thumbnail8.coupangcdn.com/thumbnails/local/320/image2/PRODUCTREVIEW/202505/25/7447077397255760718/06f1e503-790e-4ed1-892c-d71f70a5ef9e.jpg" data-origin-path="https://thumbnail8.coupangcdn.com/thumbnails/local/q-1/image2/PRODUCTREVIEW/202505/25/7447077397255760718/06f1e503-790e-4ed1-892c-d71f70a5ef9e.jpg" data-num="3" style="width: 100%; height: auto; margin-top: 0px; opacity: 1;">

                        </div>

                        <div class="sdp-review__article__list__attachment__list">
                            <img class="sdp-review__article__list__attachment__img js_reviewArticleListImage js_reviewArticleCrop" src="https://thumbnail10.coupangcdn.com/thumbnails/local/320/image2/PRODUCTREVIEW/202505/25/7447077397255760718/e4147fbe-63e9-4001-bdb9-b0dd9b25ba33.jpg" data-video-size="0" data-thumbnail-path="https://thumbnail10.coupangcdn.com/thumbnails/local/320/image2/PRODUCTREVIEW/202505/25/7447077397255760718/e4147fbe-63e9-4001-bdb9-b0dd9b25ba33.jpg" data-origin-path="https://thumbnail10.coupangcdn.com/thumbnails/local/q-1/image2/PRODUCTREVIEW/202505/25/7447077397255760718/e4147fbe-63e9-4001-bdb9-b0dd9b25ba33.jpg" data-num="4" style="width: 100%; height: auto; margin-top: 0px; opacity: 1;">

                        </div>

                        <div class="sdp-review__article__list__attachment__list">
                            <img class="sdp-review__article__list__attachment__img js_reviewArticleListImage js_reviewArticleCrop" src="https://thumbnail9.coupangcdn.com/thumbnails/local/320/image2/PRODUCTREVIEW/202505/25/7447077397255760718/d844d836-9e63-4c4e-b4bc-cae105991fbd.jpg" data-video-size="0" data-thumbnail-path="https://thumbnail9.coupangcdn.com/thumbnails/local/320/image2/PRODUCTREVIEW/202505/25/7447077397255760718/d844d836-9e63-4c4e-b4bc-cae105991fbd.jpg" data-origin-path="https://thumbnail9.coupangcdn.com/thumbnails/local/q-1/image2/PRODUCTREVIEW/202505/25/7447077397255760718/d844d836-9e63-4c4e-b4bc-cae105991fbd.jpg" data-num="5" style="width: 100%; height: auto; margin-top: 0px; opacity: 1;">

                        </div>

                        <div class="sdp-review__article__list__attachment__list">
                            <img class="sdp-review__article__list__attachment__img js_reviewArticleListImage js_reviewArticleCrop" src="https://thumbnail7.coupangcdn.com/thumbnails/local/320/image2/PRODUCTREVIEW/202505/25/7447077397255760718/a2bb6956-8a3b-4b50-8d6b-d096f637233f.jpg" data-video-size="0" data-thumbnail-path="https://thumbnail7.coupangcdn.com/thumbnails/local/320/image2/PRODUCTREVIEW/202505/25/7447077397255760718/a2bb6956-8a3b-4b50-8d6b-d096f637233f.jpg" data-origin-path="https://thumbnail7.coupangcdn.com/thumbnails/local/q-1/image2/PRODUCTREVIEW/202505/25/7447077397255760718/a2bb6956-8a3b-4b50-8d6b-d096f637233f.jpg" data-num="6" style="width: 100%; height: auto; margin-top: 0px; opacity: 1;">

                        </div>

                        <div class="sdp-review__article__list__attachment__list">
                            <img class="sdp-review__article__list__attachment__img js_reviewArticleListImage js_reviewArticleCrop" src="https://thumbnail7.coupangcdn.com/thumbnails/local/320/image2/PRODUCTREVIEW/202505/25/7447077397255760718/894204a2-0c7f-4468-9da3-a3cfedd1df82.jpg" data-video-size="0" data-thumbnail-path="https://thumbnail7.coupangcdn.com/thumbnails/local/320/image2/PRODUCTREVIEW/202505/25/7447077397255760718/894204a2-0c7f-4468-9da3-a3cfedd1df82.jpg" data-origin-path="https://thumbnail7.coupangcdn.com/thumbnails/local/q-1/image2/PRODUCTREVIEW/202505/25/7447077397255760718/894204a2-0c7f-4468-9da3-a3cfedd1df82.jpg" data-num="7" style="width: 100%; height: auto; margin-top: 0px; opacity: 1;">

                        </div>

                        <div class="sdp-review__article__list__attachment__list">
                            <img class="sdp-review__article__list__attachment__img js_reviewArticleListImage js_reviewArticleCrop" src="https://thumbnail7.coupangcdn.com/thumbnails/local/320/image2/PRODUCTREVIEW/202505/25/7447077397255760718/9a970b3a-49f7-44f4-9355-46fcacaa7e9c.jpg" data-video-size="0" data-thumbnail-path="https://thumbnail7.coupangcdn.com/thumbnails/local/320/image2/PRODUCTREVIEW/202505/25/7447077397255760718/9a970b3a-49f7-44f4-9355-46fcacaa7e9c.jpg" data-origin-path="https://thumbnail7.coupangcdn.com/thumbnails/local/q-1/image2/PRODUCTREVIEW/202505/25/7447077397255760718/9a970b3a-49f7-44f4-9355-46fcacaa7e9c.jpg" data-num="8" style="width: 100%; height: auto; margin-top: 0px; opacity: 1;">

                        </div>

                        <div class="sdp-review__article__list__attachment__list">
                            <img class="sdp-review__article__list__attachment__img js_reviewArticleListImage js_reviewArticleCrop" src="https://thumbnail7.coupangcdn.com/thumbnails/local/320/image2/PRODUCTREVIEW/202505/25/7447077397255760718/c701eec2-8de9-4d54-bbcf-2a3324d2fe24.jpg" data-video-size="0" data-thumbnail-path="https://thumbnail7.coupangcdn.com/thumbnails/local/320/image2/PRODUCTREVIEW/202505/25/7447077397255760718/c701eec2-8de9-4d54-bbcf-2a3324d2fe24.jpg" data-origin-path="https://thumbnail7.coupangcdn.com/thumbnails/local/q-1/image2/PRODUCTREVIEW/202505/25/7447077397255760718/c701eec2-8de9-4d54-bbcf-2a3324d2fe24.jpg" data-num="9" style="width: 100%; height: auto; margin-top: 0px; opacity: 1;">

                        </div>


            </div>



            <div class="sdp-review__article__list__headline">

                    맛있게 잘 먹고 있어요^^

            </div>




            <div class="sdp-review__article__list__review js_reviewArticleContentContainer">
                <div class="sdp-review__article__list__review__content js_reviewArticleContent">

                        요즘 건강 챙기기 시작하면서 기름도 좋은 걸로 바꿔보자! 싶어서 구매한 올리타리아 엑스트라버진 올리브유  1L라서 용량도 넉넉하고, 이탈리아산 정통 올리브유라 기대 많이 했는데 역시나 너무 만족이에요 <br>
<br>
일단 병부터 너무 예쁘고 고급스러워요! 유리병이라 더 깔끔하고, 주방에 두면 분위기까지 살아나는 느낌 ✨ 무엇보다 병 입구가 진짜 잘 되어 있어서 기름이 뚝뚝 흐르지 않고, 딱 필요한 만큼만 쓸 수 있어요! 이거 은근히 편하고 스트레스 줄여줘요 ㅎㅎ<br>
<br>
맛은 부담 없이 은은~하게 고소한 향이 나서 생으로 먹기에도 좋아요  샐러드에 뿌려도 너무 잘 어울리고, 바게트에 발사믹이랑 같이 찍어 먹으면 진짜 맛집 느낌 나요ㅋㅋ 요리하다 보면 기름 향이 올라올 때 기분까지 좋아지는 그런 느낌 아시죠? <br>
<br>
처음엔 ‘조금 비싼가?’ 싶었는데, 막상 써보니까 품질 생각하면 전혀 아깝지 않아요! 유통기한도 넉넉해서 오래 쓸 수 있고, 정제되지 않은 엑스트라버진이라 건강 생각해서도 완전 만족이에요 <br>
<br>
기름 하나 바꿨을 뿐인데 요리 맛이 확 달라졌어요~ 더 깔끔하고 풍미도 살아나고! 요즘은 가족들도 ‘요리 맛있어졌다’고 해줘서 은근 뿌듯해요  다음엔 대용량으로 쟁여둘까 생각 중이에요.<br>
<br>
건강 챙기고 싶은 분들, 주방에 고급 올리브유 하나 들이고 싶으신 분들께 진짜 추천합니다! 올리타리아, 사랑하게 될 거예요<br>
<br>
♥️️제 리뷰가 도움 되셨다면 “ 도움되요 ” 버튼 부탁드려요♥️

                </div>
            </div>




            <div class="sdp-review__article__list__survey">

                    <div class="sdp-review__article__list__survey__row">
                        <span class="sdp-review__article__list__survey__row__question">맛 만족도</span>
                        <span class="sdp-review__article__list__survey__row__answer">맛있어요</span>
                    </div>

            </div>



        <div class="sdp-review__article__list__help js_reviewArticleHelpfulContainer" data-review-id="723414120" data-count="2">




                        <div class="sdp-review__article__list__help__count"><strong><span class="js_reviewArticleHelpfulCount">2</span></strong>명에게 도움 됨</div>
                        <div class="hidden js__help__count__tip">이 상품평이 도움 되었나요?</div>

                    <button class="sdp-review__article__list__help__btn js_reviewArticleHelpBtn ">도움이 돼요</button>
                    <button class="sdp-review__article__list__help__btn js_reviewArticleNoHelpBtn ">도움 안 돼요</button>

                <button class="sdp-review__article__list__help__report-btn js_reviewArticleReviewReportBtn" data-review-id="723414120">신고하기</button>

            <div class="sdp-review__clear"></div>





        </div>
    </article>

    <article class="sdp-review__article__list js_reviewArticleReviewList">

        <div class="sdp-review__article__list__info">



                <div class="sdp-review__article__list__info__profile">

                    <img class="js_reviewArticleCrop js_reviewUserProfileImage" src="//thumbnail9.coupangcdn.com/thumbnails/local/320/image2/PRODUCTREVIEW/202403/26/8322979153475814955/f3d46fa3-d06d-490c-a9be-4601c091774c.jpg" data-member-id="146919702" style="width: 100%; height: auto; margin-top: -0.625px; opacity: 1;">
                </div>



            <div class="sdp-review__article__list__info__user">

                <span class="sdp-review__article__list__info__user__name js_reviewUserProfileImage" data-member-id="146919702">리뷰바다&nbsp;</span>


            </div>


            <div class="sdp-review__article__list__info__product-info">
                <div class="sdp-review__article__list__info__product-info__star-gray">
                    <div class="sdp-review__article__list__info__product-info__star-orange js_reviewArticleRatingValue" data-rating="5" style="width: 100%;"></div>
                </div>
                <div class="sdp-review__article__list__info__product-info__reg-date">2025.05.25</div>
            </div>


                <div class="sdp-review__article__list__info__product-info__seller_name">
                    판매자: 쿠팡(주)
                </div>


            <div class="sdp-review__article__list__info__product-info__name">올리타리아 엑스트라버진 올리브유, 1L, 1개</div>
        </div>


            <div class="sdp-review__article__list__attachment js_reviewArticleListGalleryContainer">


                        <div class="sdp-review__article__list__attachment__list">
                            <img class="sdp-review__article__list__attachment__img js_reviewArticleCrop" src="https://video.coupangcdn.com/cloud/PRODUCTREVIEW/202505/25/8322979153475814955/e760b5a1-bf1d-47ff-b578-34eb2efff5e2/transcode/thumbnail-00001.png" style="width: 100%; height: auto; margin-top: 0px; opacity: 1;">

                            <div class="sdp-review__article__list__attachment__list__video js_reviewArticleListImage" data-thumbnail-path="https://video.coupangcdn.com/cloud/PRODUCTREVIEW/202505/25/8322979153475814955/e760b5a1-bf1d-47ff-b578-34eb2efff5e2/transcode/thumbnail-00001.png" data-video-path="https://video.coupangcdn.com/cloud/PRODUCTREVIEW/202505/25/8322979153475814955/e760b5a1-bf1d-47ff-b578-34eb2efff5e2/transcode/index.m3u8" data-num="0">
                                <div class="sdp-review__article__list__attachment__list__video__btn"></div>
                                <div class="sdp-review__article__list__attachment__list__video__duration">0:18</div>
                            </div>
                        </div>






                        <div class="sdp-review__article__list__attachment__list">
                            <img class="sdp-review__article__list__attachment__img js_reviewArticleListImage js_reviewArticleCrop" src="https://thumbnail10.coupangcdn.com/thumbnails/local/320/image2/PRODUCTREVIEW/202505/25/8322979153475814955/80a050dc-138c-4c44-9725-0b50a8f1677a.jpg" data-video-size="1" data-thumbnail-path="https://thumbnail10.coupangcdn.com/thumbnails/local/320/image2/PRODUCTREVIEW/202505/25/8322979153475814955/80a050dc-138c-4c44-9725-0b50a8f1677a.jpg" data-origin-path="https://thumbnail10.coupangcdn.com/thumbnails/local/q-1/image2/PRODUCTREVIEW/202505/25/8322979153475814955/80a050dc-138c-4c44-9725-0b50a8f1677a.jpg" data-num="0" style="width: 100%; height: auto; margin-top: 0px; opacity: 1;">

                        </div>

                        <div class="sdp-review__article__list__attachment__list">
                            <img class="sdp-review__article__list__attachment__img js_reviewArticleListImage js_reviewArticleCrop" src="https://thumbnail9.coupangcdn.com/thumbnails/local/320/image2/PRODUCTREVIEW/202505/25/8322979153475814955/bb8b3310-2246-4c42-bf54-e7683f08134b.jpg" data-video-size="1" data-thumbnail-path="https://thumbnail9.coupangcdn.com/thumbnails/local/320/image2/PRODUCTREVIEW/202505/25/8322979153475814955/bb8b3310-2246-4c42-bf54-e7683f08134b.jpg" data-origin-path="https://thumbnail9.coupangcdn.com/thumbnails/local/q-1/image2/PRODUCTREVIEW/202505/25/8322979153475814955/bb8b3310-2246-4c42-bf54-e7683f08134b.jpg" data-num="1" style="width: 100%; height: auto; margin-top: 0px; opacity: 1;">

                        </div>

                        <div class="sdp-review__article__list__attachment__list">
                            <img class="sdp-review__article__list__attachment__img js_reviewArticleListImage js_reviewArticleCrop" src="https://thumbnail9.coupangcdn.com/thumbnails/local/320/image2/PRODUCTREVIEW/202505/25/8322979153475814955/0ee2820b-c1b1-4957-ac5f-69ac5ede68d9.jpg" data-video-size="1" data-thumbnail-path="https://thumbnail9.coupangcdn.com/thumbnails/local/320/image2/PRODUCTREVIEW/202505/25/8322979153475814955/0ee2820b-c1b1-4957-ac5f-69ac5ede68d9.jpg" data-origin-path="https://thumbnail9.coupangcdn.com/thumbnails/local/q-1/image2/PRODUCTREVIEW/202505/25/8322979153475814955/0ee2820b-c1b1-4957-ac5f-69ac5ede68d9.jpg" data-num="2" style="width: 100%; height: auto; margin-top: 0px; opacity: 1;">

                        </div>

                        <div class="sdp-review__article__list__attachment__list">
                            <img class="sdp-review__article__list__attachment__img js_reviewArticleListImage js_reviewArticleCrop" src="https://thumbnail7.coupangcdn.com/thumbnails/local/320/image2/PRODUCTREVIEW/202505/25/8322979153475814955/40d3a4ed-05f3-4166-9262-86be711671ad.jpg" data-video-size="1" data-thumbnail-path="https://thumbnail7.coupangcdn.com/thumbnails/local/320/image2/PRODUCTREVIEW/202505/25/8322979153475814955/40d3a4ed-05f3-4166-9262-86be711671ad.jpg" data-origin-path="https://thumbnail7.coupangcdn.com/thumbnails/local/q-1/image2/PRODUCTREVIEW/202505/25/8322979153475814955/40d3a4ed-05f3-4166-9262-86be711671ad.jpg" data-num="3" style="width: 100%; height: auto; margin-top: 0px; opacity: 1;">

                        </div>

                        <div class="sdp-review__article__list__attachment__list">
                            <img class="sdp-review__article__list__attachment__img js_reviewArticleListImage js_reviewArticleCrop" src="https://thumbnail8.coupangcdn.com/thumbnails/local/320/image2/PRODUCTREVIEW/202505/25/8322979153475814955/481f6693-42f0-4218-9dc2-0a4e5b52b4d7.jpg" data-video-size="1" data-thumbnail-path="https://thumbnail8.coupangcdn.com/thumbnails/local/320/image2/PRODUCTREVIEW/202505/25/8322979153475814955/481f6693-42f0-4218-9dc2-0a4e5b52b4d7.jpg" data-origin-path="https://thumbnail8.coupangcdn.com/thumbnails/local/q-1/image2/PRODUCTREVIEW/202505/25/8322979153475814955/481f6693-42f0-4218-9dc2-0a4e5b52b4d7.jpg" data-num="4" style="width: 100%; height: auto; margin-top: 0px; opacity: 1;">

                        </div>

                        <div class="sdp-review__article__list__attachment__list">
                            <img class="sdp-review__article__list__attachment__img js_reviewArticleListImage js_reviewArticleCrop" src="https://thumbnail9.coupangcdn.com/thumbnails/local/320/image2/PRODUCTREVIEW/202505/25/8322979153475814955/e2fd2a4e-9c02-4aee-840c-b2444e473880.jpg" data-video-size="1" data-thumbnail-path="https://thumbnail9.coupangcdn.com/thumbnails/local/320/image2/PRODUCTREVIEW/202505/25/8322979153475814955/e2fd2a4e-9c02-4aee-840c-b2444e473880.jpg" data-origin-path="https://thumbnail9.coupangcdn.com/thumbnails/local/q-1/image2/PRODUCTREVIEW/202505/25/8322979153475814955/e2fd2a4e-9c02-4aee-840c-b2444e473880.jpg" data-num="5" style="width: 100%; height: auto; margin-top: 0px; opacity: 1;">

                        </div>

                        <div class="sdp-review__article__list__attachment__list">
                            <img class="sdp-review__article__list__attachment__img js_reviewArticleListImage js_reviewArticleCrop" src="https://thumbnail7.coupangcdn.com/thumbnails/local/320/image2/PRODUCTREVIEW/202505/25/8322979153475814955/842a2cd4-ed78-4b03-87e4-ce5a74a21422.jpg" data-video-size="1" data-thumbnail-path="https://thumbnail7.coupangcdn.com/thumbnails/local/320/image2/PRODUCTREVIEW/202505/25/8322979153475814955/842a2cd4-ed78-4b03-87e4-ce5a74a21422.jpg" data-origin-path="https://thumbnail7.coupangcdn.com/thumbnails/local/q-1/image2/PRODUCTREVIEW/202505/25/8322979153475814955/842a2cd4-ed78-4b03-87e4-ce5a74a21422.jpg" data-num="6" style="width: 100%; height: auto; margin-top: 0px; opacity: 1;">

                        </div>

                        <div class="sdp-review__article__list__attachment__list">
                            <img class="sdp-review__article__list__attachment__img js_reviewArticleListImage js_reviewArticleCrop" src="https://thumbnail8.coupangcdn.com/thumbnails/local/320/image2/PRODUCTREVIEW/202505/25/8322979153475814955/6eae77aa-e78f-4676-a101-4b42e13c9992.jpg" data-video-size="1" data-thumbnail-path="https://thumbnail8.coupangcdn.com/thumbnails/local/320/image2/PRODUCTREVIEW/202505/25/8322979153475814955/6eae77aa-e78f-4676-a101-4b42e13c9992.jpg" data-origin-path="https://thumbnail8.coupangcdn.com/thumbnails/local/q-1/image2/PRODUCTREVIEW/202505/25/8322979153475814955/6eae77aa-e78f-4676-a101-4b42e13c9992.jpg" data-num="7" style="width: 100%; height: auto; margin-top: 0px; opacity: 1;">

                        </div>


            </div>



            <div class="sdp-review__article__list__headline">

                    #올리타리아올리브유 #엑스트라버진 #조리용추천 #유리병

            </div>




            <div class="sdp-review__article__list__review js_reviewArticleContentContainer">
                <div class="sdp-review__article__list__review__content js_reviewArticleContent">

                        ✔ 이탈리아 프리미엄 브랜드 올리타리아의 엑스트라버진 올리브유<br>
✔ 생식 가능, 조리 시 풍미를 더해주는 고급 오일<br>
✔ 유리병 패키지로 신선함과 고급스러움 모두 만족<br>
<br>
1. 올리타리아, 믿고 쓰는 프리미엄 오일<br>
지난번에는 올리브박유를 사용했었는데, 이번에는 조금 더 고급스러운 엑스트라버진 올리브유를 사용해보고 싶어서 올리타리아 제품으로 선택했어요. 평소에도 이 브랜드 제품에 대한 만족도가 높아서 믿고 구입하게 되었습니다. 조리용, 특히 팬요리나 오븐 요리에 잘 어울리는 오일이에요.<br>
<br>
2. 생식 가능한 고급 오일, 향과 색감도 좋아<br>
엑스트라버진답게 생으로도 섭취 가능한 등급이라 한 번 시도해봤는데, 처음엔 약간 느끼하게 느껴졌지만 먹다 보면 익숙해질 듯해요. 기름을 접시에 살짝 따라봤을 때의 녹빛 색상과 향에서 신선한 느낌이 확 올라왔고, 품질이 좋은 오일이라는 느낌이 확실히 있었어요.<br>
<br>
3. 조리용으로도 무리 없이 사용 가능<br>
일반적으로 엑스트라버진은 생식용으로 알려져 있지만, 온도를 너무 높이지 않는 조리에서는 충분히 사용 가능하다고 해서 활용해보고 있어요. 볶음이나 약불 구이 같은 요리에 넣으면 은은한 올리브 향과 함께 요리 풍미가 확 살아나는 느낌이에요. 아직 튀김엔 안 써봤지만 고온만 피하면 가능할 듯합니다.<br>
<br>
4. 고급스러운 유리병 패키지까지 만족<br>
기름이 산패되지 않도록 유리병에 담겨 있어 보관 시에도 마음이 놓이고, 주방에 두었을 때의 비주얼도 깔끔하고 고급스러워서 만족도 높습니다. 오일 선택에 고민이 있다면, 생식과 조리 모두 고려한 이 제품이 좋은 선택이 될 거라 생각해요. 이번 사용 후 반응을 보고, 재구매 여부를 결정할 예정입니다. 현재까지는 매우 만족스럽습니다.<br>
<br>
꼼꼼하고 솔직하게 작성한 제 리뷰가 도움이 되셨다면 아래 '도움이 돼요' 클릭 한 번 부탁드립니다!

                </div>
            </div>




            <div class="sdp-review__article__list__survey">

                    <div class="sdp-review__article__list__survey__row">
                        <span class="sdp-review__article__list__survey__row__question">맛 만족도</span>
                        <span class="sdp-review__article__list__survey__row__answer">맛있어요</span>
                    </div>

            </div>



        <div class="sdp-review__article__list__help js_reviewArticleHelpfulContainer" data-review-id="723205502" data-count="2">




                        <div class="sdp-review__article__list__help__count"><strong><span class="js_reviewArticleHelpfulCount">2</span></strong>명에게 도움 됨</div>
                        <div class="hidden js__help__count__tip">이 상품평이 도움 되었나요?</div>

                    <button class="sdp-review__article__list__help__btn js_reviewArticleHelpBtn ">도움이 돼요</button>
                    <button class="sdp-review__article__list__help__btn js_reviewArticleNoHelpBtn ">도움 안 돼요</button>

                <button class="sdp-review__article__list__help__report-btn js_reviewArticleReviewReportBtn" data-review-id="723205502">신고하기</button>

            <div class="sdp-review__clear"></div>





        </div>
    </article>

    <article class="sdp-review__article__list js_reviewArticleReviewList">

        <div class="sdp-review__article__list__info">



                <div class="sdp-review__article__list__info__profile">

                    <img class="js_reviewArticleCrop js_reviewUserProfileImage" src="//img1a.coupangcdn.com/image/productreview/web/pdp/profile/img-profile-empty.png" data-member-id="160450060" style="width: 100%; height: auto; margin-top: 0px; opacity: 1;">
                </div>



            <div class="sdp-review__article__list__info__user">

                <span class="sdp-review__article__list__info__user__name js_reviewUserProfileImage" data-member-id="160450060">김*나&nbsp;</span>


            </div>


            <div class="sdp-review__article__list__info__product-info">
                <div class="sdp-review__article__list__info__product-info__star-gray">
                    <div class="sdp-review__article__list__info__product-info__star-orange js_reviewArticleRatingValue" data-rating="4" style="width: 80%;"></div>
                </div>
                <div class="sdp-review__article__list__info__product-info__reg-date">2025.05.23</div>
            </div>


                <div class="sdp-review__article__list__info__product-info__seller_name">
                    판매자: 쿠팡(주)
                </div>


            <div class="sdp-review__article__list__info__product-info__name">올리타리아 엑스트라 버진 올리브오일, 250ml, 1개</div>
        </div>


            <div class="sdp-review__article__list__attachment js_reviewArticleListGalleryContainer">





                        <div class="sdp-review__article__list__attachment__list">
                            <img class="sdp-review__article__list__attachment__img js_reviewArticleListImage js_reviewArticleCrop" src="https://thumbnail6.coupangcdn.com/thumbnails/local/320/image2/PRODUCTREVIEW/202505/23/702715837195914064/f2474238-db1a-4a03-81dd-bb88166e30d2.jpg" data-video-size="0" data-thumbnail-path="https://thumbnail6.coupangcdn.com/thumbnails/local/320/image2/PRODUCTREVIEW/202505/23/702715837195914064/f2474238-db1a-4a03-81dd-bb88166e30d2.jpg" data-origin-path="https://thumbnail6.coupangcdn.com/thumbnails/local/q-1/image2/PRODUCTREVIEW/202505/23/702715837195914064/f2474238-db1a-4a03-81dd-bb88166e30d2.jpg" data-num="0" style="width: 100%; height: auto; margin-top: -14.5453px; opacity: 1;">

                        </div>

                        <div class="sdp-review__article__list__attachment__list">
                            <img class="sdp-review__article__list__attachment__img js_reviewArticleListImage js_reviewArticleCrop" src="https://thumbnail9.coupangcdn.com/thumbnails/local/320/image2/PRODUCTREVIEW/202505/23/702715837195914064/027b8ae4-01d6-4d5e-b72e-7eca6b5ae87f.jpg" data-video-size="0" data-thumbnail-path="https://thumbnail9.coupangcdn.com/thumbnails/local/320/image2/PRODUCTREVIEW/202505/23/702715837195914064/027b8ae4-01d6-4d5e-b72e-7eca6b5ae87f.jpg" data-origin-path="https://thumbnail9.coupangcdn.com/thumbnails/local/q-1/image2/PRODUCTREVIEW/202505/23/702715837195914064/027b8ae4-01d6-4d5e-b72e-7eca6b5ae87f.jpg" data-num="1" style="width: 100%; height: auto; margin-top: -14.5453px; opacity: 1;">

                        </div>

                        <div class="sdp-review__article__list__attachment__list">
                            <img class="sdp-review__article__list__attachment__img js_reviewArticleListImage js_reviewArticleCrop" src="https://thumbnail6.coupangcdn.com/thumbnails/local/320/image2/PRODUCTREVIEW/202505/23/702715837195914064/8a1625dd-a612-4c1f-bc97-66665e422aa3.jpg" data-video-size="0" data-thumbnail-path="https://thumbnail6.coupangcdn.com/thumbnails/local/320/image2/PRODUCTREVIEW/202505/23/702715837195914064/8a1625dd-a612-4c1f-bc97-66665e422aa3.jpg" data-origin-path="https://thumbnail6.coupangcdn.com/thumbnails/local/q-1/image2/PRODUCTREVIEW/202505/23/702715837195914064/8a1625dd-a612-4c1f-bc97-66665e422aa3.jpg" data-num="2" style="width: 100%; height: auto; margin-top: -14.5453px; opacity: 1;">

                        </div>

                        <div class="sdp-review__article__list__attachment__list">
                            <img class="sdp-review__article__list__attachment__img js_reviewArticleListImage js_reviewArticleCrop" src="https://thumbnail8.coupangcdn.com/thumbnails/local/320/image2/PRODUCTREVIEW/202505/23/702715837195914064/a1c46422-ad79-4299-962d-568455b3d0ba.jpg" data-video-size="0" data-thumbnail-path="https://thumbnail8.coupangcdn.com/thumbnails/local/320/image2/PRODUCTREVIEW/202505/23/702715837195914064/a1c46422-ad79-4299-962d-568455b3d0ba.jpg" data-origin-path="https://thumbnail8.coupangcdn.com/thumbnails/local/q-1/image2/PRODUCTREVIEW/202505/23/702715837195914064/a1c46422-ad79-4299-962d-568455b3d0ba.jpg" data-num="3" style="width: 100%; height: auto; margin-top: -14.5453px; opacity: 1;">

                        </div>

                        <div class="sdp-review__article__list__attachment__list">
                            <img class="sdp-review__article__list__attachment__img js_reviewArticleListImage js_reviewArticleCrop" src="https://thumbnail8.coupangcdn.com/thumbnails/local/320/image2/PRODUCTREVIEW/202505/23/702715837195914064/a31dcb61-73e3-450f-b10f-b530b28803f2.jpg" data-video-size="0" data-thumbnail-path="https://thumbnail8.coupangcdn.com/thumbnails/local/320/image2/PRODUCTREVIEW/202505/23/702715837195914064/a31dcb61-73e3-450f-b10f-b530b28803f2.jpg" data-origin-path="https://thumbnail8.coupangcdn.com/thumbnails/local/q-1/image2/PRODUCTREVIEW/202505/23/702715837195914064/a31dcb61-73e3-450f-b10f-b530b28803f2.jpg" data-num="4" style="width: 100%; height: auto; margin-top: -14.5453px; opacity: 1;">

                        </div>

                        <div class="sdp-review__article__list__attachment__list">
                            <img class="sdp-review__article__list__attachment__img js_reviewArticleListImage js_reviewArticleCrop" src="https://thumbnail9.coupangcdn.com/thumbnails/local/320/image2/PRODUCTREVIEW/202505/23/702715837195914064/7f0f9f16-29ff-44c2-98e3-8f67530da28f.jpg" data-video-size="0" data-thumbnail-path="https://thumbnail9.coupangcdn.com/thumbnails/local/320/image2/PRODUCTREVIEW/202505/23/702715837195914064/7f0f9f16-29ff-44c2-98e3-8f67530da28f.jpg" data-origin-path="https://thumbnail9.coupangcdn.com/thumbnails/local/q-1/image2/PRODUCTREVIEW/202505/23/702715837195914064/7f0f9f16-29ff-44c2-98e3-8f67530da28f.jpg" data-num="5" style="width: 100%; height: auto; margin-top: -14.5453px; opacity: 1;">

                        </div>


            </div>



            <div class="sdp-review__article__list__headline">

                    고소하고, 풍미좋은 올리브오일

            </div>




            <div class="sdp-review__article__list__review js_reviewArticleContentContainer">
                <div class="sdp-review__article__list__review__content js_reviewArticleContent">

                        평소에 건강을 위해 기름 섭취에 신경을 많이 쓰는 편인데, 최근에 올리브오일로 요리를 만들어 먹으려고 처음 구매해서  보았습니다.<br>
<br>
일단 올리브오일좋은거 다들아실텐데요, 좋았던점 말씀드릴께용.<br>
<br>
가장 먼저 느껴졌던 건 속이 편안해졌다는 점이에요. 저는 아침에 공복에 한 스푼씩 먹고 있는데, 부담이 없고 소화도 잘 되는 느낌이에요. 기름을 먹는다는 게 처음엔 어색했지만, 생각보다 향도 순하고 목넘김도 괜찮아서 습관이 되니까 오히려 상쾌하다는 느낌이 들 정도예요. <br>
피부도 덜 건조해지고, 배변활동도 훨씬 원활해졌어요. 이전엔 가끔 변비 때문에 불편함이 있었는데, 꾸준히 먹고 나서는 그런 증상이 거의 사라졌어요. 또, 식사할 때 샐러드나 빵에 곁들이면 풍미가 깊어져서 식욕도 더 생기고, 맛있게 건강 챙기는 느낌이 들어요.<br>
<br>
물론 단점이 아예 없는 건 아닌데요, 제품 입구가 조금 큰 편이라 처음에 양 조절이 어렵더라고요. 급하게 따르거나 힘 조절을 못 하면 예상보다 많은 양이 나와서 조금 당황스러울 때도 있었어요. 그래서 지금은 작은 전용 오일병에 덜어서 사용하고 있는데, 그렇게 하니까 훨씬 사용이 편해졌어요. 병 입구만 조금 더 세심하게 디자인됐더라면 좋았을 것 같지만, 오일 자체의 품질이나 효과에는 전혀 불만이 없어요.<br>
<br>
가격 대비 만족도도 높은 편이고, 하루 한두 스푼이면 충분해서 오래 쓸 수 있다는 점도 마음에 들어요. 건강이나 장 활동, 피부 개선 등 여러 면에서 긍정적인 변화를 느끼고 있어서 앞으로도 꾸준히 섭취할 계획이에요. 올리브오일을 처음 드시는 분들도 어렵지 않게 적응할 수 있을 만큼 부드럽고 향긋한 맛이라 추천드립니다.

                </div>
            </div>




            <div class="sdp-review__article__list__survey">

                    <div class="sdp-review__article__list__survey__row">
                        <span class="sdp-review__article__list__survey__row__question">맛 만족도</span>
                        <span class="sdp-review__article__list__survey__row__answer">맛있어요</span>
                    </div>

            </div>



        <div class="sdp-review__article__list__help js_reviewArticleHelpfulContainer" data-review-id="722733771" data-count="5">




                        <div class="sdp-review__article__list__help__count"><strong><span class="js_reviewArticleHelpfulCount">5</span></strong>명에게 도움 됨</div>
                        <div class="hidden js__help__count__tip">이 상품평이 도움 되었나요?</div>

                    <button class="sdp-review__article__list__help__btn js_reviewArticleHelpBtn ">도움이 돼요</button>
                    <button class="sdp-review__article__list__help__btn js_reviewArticleNoHelpBtn ">도움 안 돼요</button>

                <button class="sdp-review__article__list__help__report-btn js_reviewArticleReviewReportBtn" data-review-id="722733771">신고하기</button>

            <div class="sdp-review__clear"></div>





        </div>
    </article>











            <div class="sdp-review__article__page js_reviewArticlePagingContainer" data-page="1" data-start="1" data-end="10">
                <button class="sdp-review__article__page__prev  js_reviewArticlePagePrevBtn" disabled=""></button>


                    <button class="sdp-review__article__page__num sdp-review__article__page__num--active js_reviewArticlePageBtn" data-page="1">1</button>

                    <button class="sdp-review__article__page__num  js_reviewArticlePageBtn" data-page="2">2</button>

                    <button class="sdp-review__article__page__num  js_reviewArticlePageBtn" data-page="3">3</button>

                    <button class="sdp-review__article__page__num  js_reviewArticlePageBtn" data-page="4">4</button>

                    <button class="sdp-review__article__page__num  js_reviewArticlePageBtn" data-page="5">5</button>

                    <button class="sdp-review__article__page__num  js_reviewArticlePageBtn" data-page="6">6</button>

                    <button class="sdp-review__article__page__num  js_reviewArticlePageBtn" data-page="7">7</button>

                    <button class="sdp-review__article__page__num  js_reviewArticlePageBtn" data-page="8">8</button>

                    <button class="sdp-review__article__page__num  js_reviewArticlePageBtn" data-page="9">9</button>

                    <button class="sdp-review__article__page__num  js_reviewArticlePageBtn" data-page="10">10</button>


                <button class="sdp-review__article__page__next sdp-review__article__page__next--active js_reviewArticlePageNextBtn"></button>
            </div>








<div class="sdp-review__article__no-review ">등록된 상품평이 없습니다.</div>
</section>
</div>






















































<div class="sdp-review__modal sdp-review__register-popup js_reviewRegisterModal">
    <div class="sdp-review__register__white-dimmed js_reviewRegisterWhiteDimmed"></div>

    <div class="sdp-review__register-popup__top">
        <button class="sdp-review__register-popup__close js_modalClose"></button>
        <span class="sdp-review__register-popup__title">상품평 등록하기</span>
    </div>

    <div class="sdp-review__register-popup-container js_reviewRegisterContainer"></div>
</div>










    <div class="sdp-review__template js_sdpReviewTemplateContainer"><!--
    해당 html 파일은 어쩔 수 없이 client render 를 사용 해야할때에만 진행할때에만 추가하여 사용한다.
-->

<!-- 상품평 리스트 이미지 상세보기 -->
<script class="js_reviewVideoTemplate" type="text">
    <video id="{{id}}" class="{{class}}" preload="{{preload}}" data-setup="{{data}}" controls="{{controls}}" autoplay="{{autoplay}}"></video>
</script>

<script class="js_reviewCssTemplate" type="text">
    <link rel="stylesheet" href="{{href}}" type="text/css" />
</script>

<script class="js_reviewSingleImageTemplate" type="text">
    <img class="{{class}}" src="{{src}}" />
</script>

<script class="js_reviewArticleGalleryImageTemplate" type="text">
    <img class="sdp-review__article__gallery__section__table__content__image js_reviewArticleCrop js_reviewArticleGalleryImg {{class}}" src="{{src}}">
</script>

<script class="js_reviewArticleGalleryImageThumbnailTemplate" type="text">
    <div class="sdp-review__article__gallery__section__thumbnail__list {{class}} js_reviewArticleGalleryThumbnailImage" data-index="{{index}}" data-has-caption="{{hasCaption}}">
        <img class="sdp-review__article__gallery__section__thumbnail__list__image" src="{{src}}"/>
        <span class="sdp-review__caption_tip"></span>
    </div>
</script>

<!-- 상품평 등록시 파일 첨부 이미지-->
<script class="js_reviewRegisterImageTemplate" type="text">
    <button class="sdp-review__register__file-delete-btn js_reviewRegisterImageDeleteBtn" type="button"></button>
    <img class="sdp-review__register__file-img js_reviewRegisterImage" src="{{src}}" data-uploadedFilePath="{{uploadedFilePath}}">
</script>

<!-- 상품평 수정시 파일 첨부 이미지 -->
<script class="js_reviewModifyImageTemplate" type="text">
    <button class="sdp-review__modify__file-delete-btn js_reviewModifyImageDeleteBtn" type="button"></button>
    <img class="sdp-review__modify__file-img js_reviewModifyImage" src="{{src}}" data-uploadedFilePath="{{uploadedFilePath}}">
</script>

<!-- 파일 업로드 iframe -->
<script class="js_reviewRegisterIframeTemplate" type="text">
    <iframe
            class="sdp-review__register__frame-tag js_reviewRegisterIframeTag"
            src="{{url}}"
            data-token="{{token}}"
            data-serviceInfo="{{serviceInfo}}"
    ></iframe></iframe>
</script>


</div>


<div class="sdp-review__not-category">
    <div class="sdp-review__not-category__title">등록된 상품평이 없습니다.</div>
    <div class="sdp-review__not-category__content">구매 후 상품평을 등록해 보세요.</div>
</div>

</div>

</li>

            <div id="midCarousel3"><div style="
		width: 38px;
		height: 54px;
		position: absolute;
		z-index: 1;
		top: 50%;
		opacity: 0;
		transition: opacity 0.3s linear 0s;
		margin-top: -27px;
		cursor: pointer;
		left: 0;background: url(//static.coupangcdn.com/image/dragonstone/sdp/PCSDP_imageasset_171215-min.png) -176px -265px no-repeat;
	"></div><div style="
		width: 38px;
		height: 54px;
		position: absolute;
		z-index: 1;
		top: 50%;
		opacity: 0;
		transition: opacity 0.3s linear 0s;
		margin-top: -27px;
		cursor: pointer;
		right: 0;background: url(//static.coupangcdn.com/image/dragonstone/sdp/PCSDP_imageasset_171215-min.png) -223px -265px no-repeat;
	"></div><div style="display: flex; flex-direction: column; background-color: rgba(255, 255, 255, 1); overflow: hidden;" class="cmg-dco-template"><div style="display: flex; flex-direction: row; -webkit-box-sizing: border-box; width: 100%;; height: 54px; min-height: 54px; align-items: center"><div style="-webkit-line-clamp: 1; overflow: hidden; display: -webkit-box!important; -webkit-box-orient: vertical; min-width: fit-content; width: fit-content; padding: 0px 0px 0px 16px"><span style="font-size: 18px; font-weight: bold; color: rgba(211, 82, 0, 1); word-break: break-all; vertical-align: middle">4점 이상</span></div><div style="-webkit-line-clamp: 1; overflow: hidden; display: -webkit-box!important; -webkit-box-orient: vertical; width: 100%; flex-grow: 1; padding: 0px 0px 0px 6px"><span style="font-size: 18px; font-weight: bold; color: rgba(33, 43, 54, 1); word-break: break-all; vertical-align: middle">리뷰가 좋은 상품</span></div><div style="-webkit-line-clamp: 1; overflow: hidden; display: -webkit-box!important; -webkit-box-orient: vertical; min-width: fit-content; width: fit-content; margin: 0px 16px 0px 0px"><span style="font-size: 12px; font-weight: normal; color: rgba(17, 17, 17, 0.3); word-break: break-all; vertical-align: middle">AD</span></div></div><div class="cmg-dco-carousel" style="display: flex; flex-direction: row; -webkit-box-sizing: border-box; width: 100%;; margin: 0px 0px 0px 4px"><div style="display: flex; flex-direction: row; -webkit-box-sizing: border-box; min-width: fit-content; width: fit-content"><div style="display: flex; flex-direction: column; width: 124px; min-width: 124px; margin: 0px 12px 16px 12px" class="cmg-dco-carousel-item cmg-dco-carousel-product" data-adsplatform="{&quot;viewImpression&quot;: &quot;https://mercury.coupang.com/e.gif?r=3dedaf70-3ac9-11f0-ba65-02885ef76363%7E2&amp;templateId=3881&quot;}"><div style="width: 124px; min-width: 124px; height: 124px; min-height: 124px; margin: 0px 0px 8px 0px; overflow: hidden"><img src="https://thumbnail9.coupangcdn.com/thumbnails/remote/292x292q65ex/image/vendor_inventory/images/ae3b8720-4230-4dc9-9bbc-a35de167f35f5632340001446635369.png" style="vertical-align: top; height: 100%; object-fit: contain;border-radius: 0px 0px 0px 0px;" class="main-image"></div><div style="-webkit-line-clamp: 2; overflow: hidden; display: -webkit-box!important; -webkit-box-orient: vertical; width: 100%;; margin: 0px 0px 4px 0px"><span style="font-size: 14px; font-weight: normal; color: rgba(33, 43, 54, 1); word-break: break-all; vertical-align: middle" class="product-title">올리바즈모 유기농 엑스트라버진 올리브오일 스틱, 90개, 10ml</span></div><div style="display: flex; flex-direction: row; -webkit-box-sizing: border-box; min-width: fit-content; width: fit-content; margin: 0px 0px 4px 0px; align-items: center"><div style="-webkit-line-clamp: 1; overflow: hidden; display: -webkit-box!important; -webkit-box-orient: vertical; min-width: fit-content; width: fit-content; margin: 0px 4px 0px 0px"><span style="font-size: 14px; font-weight: bold; color: rgba(203, 20, 0, 1); word-break: break-all; vertical-align: middle">73,600원</span></div></div><div style="display: flex; flex-direction: column; min-width: fit-content; width: fit-content; margin: 0px 0px 4px 0px"></div><div style="display: flex; flex-direction: row; -webkit-box-sizing: border-box; min-width: fit-content; width: fit-content"></div><div style="min-width: fit-content; width: fit-content; height: 18px; min-height: 18px; padding: 0px 0px 2px 0px; margin: 0px 2px 0px 0px; overflow: hidden"><img src="http://image2.coupangcdn.com/image/coupang/rds/logo/xxxhdpi/logo_rocket_merchant_medium_v3_r3.png" style="vertical-align: top; height: 100%; object-fit: contain;border-radius: 0px 0px 0px 0px;"></div><div style="display: flex; flex-direction: row; -webkit-box-sizing: border-box; min-width: fit-content; width: fit-content; align-items: flex-end"><div style="display: flex; min-width: fit-content; width: fit-content; height: 13px; min-height: 13px; margin: 0px 2px 0px 0px"><span style="display: block; background-image: url(//static.coupangcdn.com/image/cmg/common/rating-star/RDS.png); background-repeat: no-repeat; width: 60px; height: 12px; background-size: 60px 24px; background-position: 0 -12px"><em style="display: block; background-image: url(//static.coupangcdn.com/image/cmg/common/rating-star/RDS.png); background-repeat: no-repeat; width: 100%; height: 12px; background-size: 60px 24px; background-position: 0 0"></em></span></div><div style="-webkit-line-clamp: 1; overflow: hidden; display: -webkit-box!important; -webkit-box-orient: vertical; min-width: fit-content; width: fit-content"><span style="font-size: 12px; font-weight: normal; color: rgba(118, 134, 149, 1); word-break: break-all; vertical-align: middle">(120)</span></div></div></div><div style="display: flex; flex-direction: column; width: 1px; min-width: 1px; align-self: stretch; margin: 0px 0px 16px 0px; background-color: rgba(238, 238, 238, 1)"></div></div><div style="display: flex; flex-direction: row; -webkit-box-sizing: border-box; min-width: fit-content; width: fit-content"><div style="display: flex; flex-direction: column; width: 124px; min-width: 124px; margin: 0px 12px 16px 12px" class="cmg-dco-carousel-item cmg-dco-carousel-product" data-adsplatform="{&quot;viewImpression&quot;: &quot;https://mercury.coupang.com/e.gif?r=3dedaf70-3ac9-11f0-b3d3-6672a92259c1%7E2&amp;templateId=3881&quot;}"><div style="width: 124px; min-width: 124px; height: 124px; min-height: 124px; margin: 0px 0px 8px 0px; overflow: hidden"><img src="https://thumbnail10.coupangcdn.com/thumbnails/remote/292x292q65ex/image/vendor_inventory/2815/f32f6859c3dc9442b2370cc2d81811da2feb3b445c2c66353f5213e2c83f.jpg" style="vertical-align: top; height: 100%; object-fit: contain;border-radius: 0px 0px 0px 0px;" class="main-image"></div><div style="-webkit-line-clamp: 100; overflow: hidden; display: -webkit-box!important; -webkit-box-orient: vertical; min-width: fit-content; width: fit-content; padding: 0px 0px 6px 0px"><span style="font-size: 12px; font-weight: bold; color: rgba(99, 115, 129, 1); word-break: break-all; vertical-align: middle">무료배송</span></div><div style="-webkit-line-clamp: 2; overflow: hidden; display: -webkit-box!important; -webkit-box-orient: vertical; width: 100%;; margin: 0px 0px 4px 0px"><span style="font-size: 14px; font-weight: normal; color: rgba(33, 43, 54, 1); word-break: break-all; vertical-align: middle" class="product-title">셀게이트 올리브 올라이브 아침엔 유기농 엑스트라버진 올리브오일 100% 스페인, 150개, 10g</span></div><div style="display: flex; flex-direction: row; -webkit-box-sizing: border-box; min-width: fit-content; width: fit-content; margin: 0px 0px 4px 0px; align-items: center"><div style="-webkit-line-clamp: 1; overflow: hidden; display: -webkit-box!important; -webkit-box-orient: vertical; min-width: fit-content; width: fit-content; margin: 0px 4px 0px 0px"><span style="font-size: 14px; font-weight: bold; color: rgba(203, 20, 0, 1); word-break: break-all; vertical-align: middle">167,900원</span></div></div><div style="display: flex; flex-direction: column; min-width: fit-content; width: fit-content; margin: 0px 0px 4px 0px"></div><div style="display: flex; flex-direction: row; -webkit-box-sizing: border-box; min-width: fit-content; width: fit-content"><div style="display: flex; flex-direction: row; -webkit-box-sizing: border-box; min-width: fit-content; width: fit-content; height: 16px; min-height: 16px; padding: 0px 4px 1px 4px; margin: 0px 0px 6px 0px; background-color: rgba(225, 39, 5, 1); border-radius: 4px 4px 4px 4px; align-items: center"><div style="-webkit-line-clamp: 1; overflow: hidden; display: -webkit-box!important; -webkit-box-orient: vertical; min-width: fit-content; width: fit-content; margin: 0px 2px 0px 0px"><span style="font-size: 11px; font-weight: bold; color: rgba(255, 255, 255, 1); word-break: break-all; vertical-align: middle">44%</span></div><div style="-webkit-line-clamp: 1; overflow: hidden; display: -webkit-box!important; -webkit-box-orient: vertical; min-width: fit-content; width: fit-content"><span style="font-size: 11px; font-weight: bold; color: rgba(255, 255, 255, 1); word-break: break-all; vertical-align: middle">할인</span></div></div></div><div style="display: flex; flex-direction: row; -webkit-box-sizing: border-box; min-width: fit-content; width: fit-content; align-items: flex-end"><div style="display: flex; min-width: fit-content; width: fit-content; height: 13px; min-height: 13px; margin: 0px 2px 0px 0px"><span style="display: block; background-image: url(//static.coupangcdn.com/image/cmg/common/rating-star/RDS.png); background-repeat: no-repeat; width: 60px; height: 12px; background-size: 60px 24px; background-position: 0 -12px"><em style="display: block; background-image: url(//static.coupangcdn.com/image/cmg/common/rating-star/RDS.png); background-repeat: no-repeat; width: 90%; height: 12px; background-size: 60px 24px; background-position: 0 0"></em></span></div><div style="-webkit-line-clamp: 1; overflow: hidden; display: -webkit-box!important; -webkit-box-orient: vertical; min-width: fit-content; width: fit-content"><span style="font-size: 12px; font-weight: normal; color: rgba(118, 134, 149, 1); word-break: break-all; vertical-align: middle">(177)</span></div></div></div><div style="display: flex; flex-direction: column; width: 1px; min-width: 1px; align-self: stretch; margin: 0px 0px 16px 0px; background-color: rgba(238, 238, 238, 1)"></div></div><div style="display: flex; flex-direction: row; -webkit-box-sizing: border-box; min-width: fit-content; width: fit-content"><div style="display: flex; flex-direction: column; width: 124px; min-width: 124px; margin: 0px 12px 16px 12px" class="cmg-dco-carousel-item cmg-dco-carousel-product" data-adsplatform="{&quot;viewImpression&quot;: &quot;https://mercury.coupang.com/e.gif?r=3dedaf70-3ac9-11f0-a1a8-a3f5777491d4%7E2&amp;templateId=3881&quot;}"><div style="width: 124px; min-width: 124px; height: 124px; min-height: 124px; margin: 0px 0px 8px 0px; overflow: hidden"><img src="https://thumbnail11.coupangcdn.com/thumbnails/remote/292x292q65ex/image/vendor_inventory/9afe/e415ea498cca9f8db4cfacc876ae73dc41d335c902d9ccf8d69a8e4b1594.png" style="vertical-align: top; height: 100%; object-fit: contain;border-radius: 0px 0px 0px 0px;" class="main-image"></div><div style="-webkit-line-clamp: 100; overflow: hidden; display: -webkit-box!important; -webkit-box-orient: vertical; min-width: fit-content; width: fit-content; padding: 0px 0px 6px 0px"><span style="font-size: 12px; font-weight: bold; color: rgba(99, 115, 129, 1); word-break: break-all; vertical-align: middle">무료배송</span></div><div style="-webkit-line-clamp: 2; overflow: hidden; display: -webkit-box!important; -webkit-box-orient: vertical; width: 100%;; margin: 0px 0px 4px 0px"><span style="font-size: 14px; font-weight: normal; color: rgba(33, 43, 54, 1); word-break: break-all; vertical-align: middle" class="product-title">퓨어데이즈 아침엔 100% 유기농 엑스트라버진 올리브오일 스틱 스페인, 150개, 10g</span></div><div style="display: flex; flex-direction: row; -webkit-box-sizing: border-box; min-width: fit-content; width: fit-content; margin: 0px 0px 4px 0px; align-items: center"><div style="-webkit-line-clamp: 1; overflow: hidden; display: -webkit-box!important; -webkit-box-orient: vertical; min-width: fit-content; width: fit-content; margin: 0px 4px 0px 0px"><span style="font-size: 14px; font-weight: bold; color: rgba(203, 20, 0, 1); word-break: break-all; vertical-align: middle">120,000원</span></div></div><div style="display: flex; flex-direction: column; min-width: fit-content; width: fit-content; margin: 0px 0px 4px 0px"></div><div style="display: flex; flex-direction: row; -webkit-box-sizing: border-box; min-width: fit-content; width: fit-content"></div><div style="display: flex; flex-direction: row; -webkit-box-sizing: border-box; min-width: fit-content; width: fit-content; align-items: flex-end"><div style="display: flex; min-width: fit-content; width: fit-content; height: 13px; min-height: 13px; margin: 0px 2px 0px 0px"><span style="display: block; background-image: url(//static.coupangcdn.com/image/cmg/common/rating-star/RDS.png); background-repeat: no-repeat; width: 60px; height: 12px; background-size: 60px 24px; background-position: 0 -12px"><em style="display: block; background-image: url(//static.coupangcdn.com/image/cmg/common/rating-star/RDS.png); background-repeat: no-repeat; width: 100%; height: 12px; background-size: 60px 24px; background-position: 0 0"></em></span></div><div style="-webkit-line-clamp: 1; overflow: hidden; display: -webkit-box!important; -webkit-box-orient: vertical; min-width: fit-content; width: fit-content"><span style="font-size: 12px; font-weight: normal; color: rgba(118, 134, 149, 1); word-break: break-all; vertical-align: middle">(197)</span></div></div></div><div style="display: flex; flex-direction: column; width: 1px; min-width: 1px; align-self: stretch; margin: 0px 0px 16px 0px; background-color: rgba(238, 238, 238, 1)"></div></div><div style="display: flex; flex-direction: row; -webkit-box-sizing: border-box; min-width: fit-content; width: fit-content"><div style="display: flex; flex-direction: column; width: 124px; min-width: 124px; margin: 0px 12px 16px 12px" class="cmg-dco-carousel-item cmg-dco-carousel-product" data-adsplatform="{&quot;viewImpression&quot;: &quot;https://mercury.coupang.com/e.gif?r=3dedaf70-3ac9-11f0-8c30-b570060cd61a%7E2&amp;templateId=3881&quot;}"><div style="width: 124px; min-width: 124px; height: 124px; min-height: 124px; margin: 0px 0px 8px 0px; overflow: hidden"><img src="https://thumbnail2.coupangcdn.com/thumbnails/remote/292x292q65ex/image/vendor_inventory/d9b0/2f4dbb0c2f2e0a3677315205957e94aa2a34fdd7580c8c76b7327c6d7d92.jpg" style="vertical-align: top; height: 100%; object-fit: contain;border-radius: 0px 0px 0px 0px;" class="main-image"></div><div style="-webkit-line-clamp: 2; overflow: hidden; display: -webkit-box!important; -webkit-box-orient: vertical; width: 100%;; margin: 0px 0px 4px 0px"><span style="font-size: 14px; font-weight: normal; color: rgba(33, 43, 54, 1); word-break: break-all; vertical-align: middle" class="product-title">브루아오로 올리브 오일, 750ml, 2개</span></div><div style="display: flex; flex-direction: row; -webkit-box-sizing: border-box; min-width: fit-content; width: fit-content; margin: 0px 0px 4px 0px; align-items: center"><div style="-webkit-line-clamp: 1; overflow: hidden; display: -webkit-box!important; -webkit-box-orient: vertical; min-width: fit-content; width: fit-content; margin: 0px 4px 0px 0px"><span style="font-size: 14px; font-weight: bold; color: rgba(203, 20, 0, 1); word-break: break-all; vertical-align: middle">280,500원</span></div></div><div style="display: flex; flex-direction: column; min-width: fit-content; width: fit-content; margin: 0px 0px 4px 0px"></div><div style="display: flex; flex-direction: row; -webkit-box-sizing: border-box; min-width: fit-content; width: fit-content"></div><div style="min-width: fit-content; width: fit-content; height: 18px; min-height: 18px; padding: 0px 0px 2px 0px; margin: 0px 2px 0px 0px; overflow: hidden"><img src="http://image2.coupangcdn.com/image/coupang/rds/logo/xxxhdpi/logo_rocket_merchant_medium_v3_r3.png" style="vertical-align: top; height: 100%; object-fit: contain;border-radius: 0px 0px 0px 0px;"></div><div style="display: flex; flex-direction: row; -webkit-box-sizing: border-box; min-width: fit-content; width: fit-content; align-items: flex-end"><div style="display: flex; min-width: fit-content; width: fit-content; height: 13px; min-height: 13px; margin: 0px 2px 0px 0px"><span style="display: block; background-image: url(//static.coupangcdn.com/image/cmg/common/rating-star/RDS.png); background-repeat: no-repeat; width: 60px; height: 12px; background-size: 60px 24px; background-position: 0 -12px"><em style="display: block; background-image: url(//static.coupangcdn.com/image/cmg/common/rating-star/RDS.png); background-repeat: no-repeat; width: 100%; height: 12px; background-size: 60px 24px; background-position: 0 0"></em></span></div><div style="-webkit-line-clamp: 1; overflow: hidden; display: -webkit-box!important; -webkit-box-orient: vertical; min-width: fit-content; width: fit-content"><span style="font-size: 12px; font-weight: normal; color: rgba(118, 134, 149, 1); word-break: break-all; vertical-align: middle">(2,457)</span></div></div></div><div style="display: flex; flex-direction: column; width: 1px; min-width: 1px; align-self: stretch; margin: 0px 0px 16px 0px; background-color: rgba(238, 238, 238, 1)"></div></div><div style="display: flex; flex-direction: row; -webkit-box-sizing: border-box; min-width: fit-content; width: fit-content"><div style="display: flex; flex-direction: column; width: 124px; min-width: 124px; margin: 0px 12px 16px 12px" class="cmg-dco-carousel-item cmg-dco-carousel-product" data-adsplatform="{&quot;viewImpression&quot;: &quot;https://mercury.coupang.com/e.gif?r=3dedd680-3ac9-11f0-97c9-6e32c541e91e%7E2&amp;templateId=3881&quot;}"><div style="width: 124px; min-width: 124px; height: 124px; min-height: 124px; margin: 0px 0px 8px 0px; overflow: hidden"><img src="https://thumbnail6.coupangcdn.com/thumbnails/remote/292x292q65ex/image/vendor_inventory/9b79/06c96709ef58adf52964099ef1c736c87eadcf5ba63454a6efada4be7594.jpg" style="vertical-align: top; height: 100%; object-fit: contain;border-radius: 0px 0px 0px 0px;" class="main-image"></div><div style="-webkit-line-clamp: 2; overflow: hidden; display: -webkit-box!important; -webkit-box-orient: vertical; width: 100%;; margin: 0px 0px 4px 0px"><span style="font-size: 14px; font-weight: normal; color: rgba(33, 43, 54, 1); word-break: break-all; vertical-align: middle" class="product-title">까사스디후알도 산도0.1 엑스트라버진 햇올리브오일 파르티다리얼, 1개, 500ml</span></div><div style="display: flex; flex-direction: row; -webkit-box-sizing: border-box; min-width: fit-content; width: fit-content; margin: 0px 0px 4px 0px; align-items: center"><div style="-webkit-line-clamp: 1; overflow: hidden; display: -webkit-box!important; -webkit-box-orient: vertical; min-width: fit-content; width: fit-content; margin: 0px 4px 0px 0px"><span style="font-size: 14px; font-weight: bold; color: rgba(203, 20, 0, 1); word-break: break-all; vertical-align: middle">38,000원</span></div></div><div style="display: flex; flex-direction: column; min-width: fit-content; width: fit-content; margin: 0px 0px 4px 0px"></div><div style="display: flex; flex-direction: row; -webkit-box-sizing: border-box; min-width: fit-content; width: fit-content"></div><div style="min-width: fit-content; width: fit-content; height: 18px; min-height: 18px; padding: 0px 0px 2px 0px; margin: 0px 2px 0px 0px; overflow: hidden"><img src="http://image1.coupangcdn.com/image/coupang/rds/logo/xxxhdpi/logo_rocket_merchant_medium_v3_r3.png" style="vertical-align: top; height: 100%; object-fit: contain;border-radius: 0px 0px 0px 0px;"></div><div style="display: flex; flex-direction: row; -webkit-box-sizing: border-box; min-width: fit-content; width: fit-content; align-items: flex-end"><div style="display: flex; min-width: fit-content; width: fit-content; height: 13px; min-height: 13px; margin: 0px 2px 0px 0px"><span style="display: block; background-image: url(//static.coupangcdn.com/image/cmg/common/rating-star/RDS.png); background-repeat: no-repeat; width: 60px; height: 12px; background-size: 60px 24px; background-position: 0 -12px"><em style="display: block; background-image: url(//static.coupangcdn.com/image/cmg/common/rating-star/RDS.png); background-repeat: no-repeat; width: 100%; height: 12px; background-size: 60px 24px; background-position: 0 0"></em></span></div><div style="-webkit-line-clamp: 1; overflow: hidden; display: -webkit-box!important; -webkit-box-orient: vertical; min-width: fit-content; width: fit-content"><span style="font-size: 12px; font-weight: normal; color: rgba(118, 134, 149, 1); word-break: break-all; vertical-align: middle">(25)</span></div></div></div><div style="display: flex; flex-direction: column; width: 1px; min-width: 1px; align-self: stretch; margin: 0px 0px 16px 0px; background-color: rgba(238, 238, 238, 1)"></div></div><div style="display: flex; flex-direction: row; -webkit-box-sizing: border-box; min-width: fit-content; width: fit-content"><div style="display: flex; flex-direction: column; width: 124px; min-width: 124px; margin: 0px 12px 16px 12px" class="cmg-dco-carousel-item cmg-dco-carousel-product" data-adsplatform="{&quot;viewImpression&quot;: &quot;https://mercury.coupang.com/e.gif?r=3dedd680-3ac9-11f0-a990-5cb95b63cb32%7E2&amp;templateId=3881&quot;}"><div style="width: 124px; min-width: 124px; height: 124px; min-height: 124px; margin: 0px 0px 8px 0px; overflow: hidden"><img src="https://thumbnail15.coupangcdn.com/thumbnails/remote/292x292q65ex/image/vendor_inventory/fa09/85ed58916311cbd30810c73fdd0abd3aca04b892fbcc292fd5a099019e6a.jpg" style="vertical-align: top; height: 100%; object-fit: contain;border-radius: 0px 0px 0px 0px;" class="main-image"></div><div style="-webkit-line-clamp: 100; overflow: hidden; display: -webkit-box!important; -webkit-box-orient: vertical; min-width: fit-content; width: fit-content; padding: 0px 0px 6px 0px"><span style="font-size: 12px; font-weight: bold; color: rgba(99, 115, 129, 1); word-break: break-all; vertical-align: middle">무료배송</span></div><div style="-webkit-line-clamp: 2; overflow: hidden; display: -webkit-box!important; -webkit-box-orient: vertical; width: 100%;; margin: 0px 0px 4px 0px"><span style="font-size: 14px; font-weight: normal; color: rgba(33, 43, 54, 1); word-break: break-all; vertical-align: middle" class="product-title">올리브 올라이브 스틱형 올리브오일 유기농 엑스트라버전 그리스산, 70개, 8g</span></div><div style="display: flex; flex-direction: row; -webkit-box-sizing: border-box; min-width: fit-content; width: fit-content; margin: 0px 0px 4px 0px; align-items: center"><div style="-webkit-line-clamp: 1; overflow: hidden; display: -webkit-box!important; -webkit-box-orient: vertical; min-width: fit-content; width: fit-content; margin: 0px 4px 0px 0px"><span style="font-size: 14px; font-weight: bold; color: rgba(203, 20, 0, 1); word-break: break-all; vertical-align: middle">67,890원</span></div></div><div style="display: flex; flex-direction: column; min-width: fit-content; width: fit-content; margin: 0px 0px 4px 0px"></div><div style="display: flex; flex-direction: row; -webkit-box-sizing: border-box; min-width: fit-content; width: fit-content"><div style="display: flex; flex-direction: row; -webkit-box-sizing: border-box; min-width: fit-content; width: fit-content; height: 16px; min-height: 16px; padding: 0px 4px 1px 4px; margin: 0px 0px 6px 0px; background-color: rgba(225, 39, 5, 1); border-radius: 4px 4px 4px 4px; align-items: center"><div style="-webkit-line-clamp: 1; overflow: hidden; display: -webkit-box!important; -webkit-box-orient: vertical; min-width: fit-content; width: fit-content; margin: 0px 2px 0px 0px"><span style="font-size: 11px; font-weight: bold; color: rgba(255, 255, 255, 1); word-break: break-all; vertical-align: middle">61%</span></div><div style="-webkit-line-clamp: 1; overflow: hidden; display: -webkit-box!important; -webkit-box-orient: vertical; min-width: fit-content; width: fit-content"><span style="font-size: 11px; font-weight: bold; color: rgba(255, 255, 255, 1); word-break: break-all; vertical-align: middle">할인</span></div></div></div><div style="display: flex; flex-direction: row; -webkit-box-sizing: border-box; min-width: fit-content; width: fit-content; align-items: flex-end"><div style="display: flex; min-width: fit-content; width: fit-content; height: 13px; min-height: 13px; margin: 0px 2px 0px 0px"><span style="display: block; background-image: url(//static.coupangcdn.com/image/cmg/common/rating-star/RDS.png); background-repeat: no-repeat; width: 60px; height: 12px; background-size: 60px 24px; background-position: 0 -12px"><em style="display: block; background-image: url(//static.coupangcdn.com/image/cmg/common/rating-star/RDS.png); background-repeat: no-repeat; width: 100%; height: 12px; background-size: 60px 24px; background-position: 0 0"></em></span></div><div style="-webkit-line-clamp: 1; overflow: hidden; display: -webkit-box!important; -webkit-box-orient: vertical; min-width: fit-content; width: fit-content"><span style="font-size: 12px; font-weight: normal; color: rgba(118, 134, 149, 1); word-break: break-all; vertical-align: middle">(139)</span></div></div></div><div style="display: flex; flex-direction: column; width: 1px; min-width: 1px; align-self: stretch; margin: 0px 0px 16px 0px; background-color: rgba(238, 238, 238, 1)"></div></div><div style="display: flex; flex-direction: row; -webkit-box-sizing: border-box; min-width: fit-content; width: fit-content"><div style="display: flex; flex-direction: column; width: 124px; min-width: 124px; margin: 0px 12px 16px 12px" class="cmg-dco-carousel-item cmg-dco-carousel-product" data-adsplatform="{&quot;viewImpression&quot;: &quot;https://mercury.coupang.com/e.gif?r=3dedd680-3ac9-11f0-9eb0-eca8d274ccba%7E2&amp;templateId=3881&quot;}"><div style="width: 124px; min-width: 124px; height: 124px; min-height: 124px; margin: 0px 0px 8px 0px; overflow: hidden"><img src="https://thumbnail11.coupangcdn.com/thumbnails/remote/292x292q65ex/image/vendor_inventory/d451/14d403fffd289950ed9a50e08bb69ea6f5fa6ac1c948fbdcb32bf883f200.png" style="vertical-align: top; height: 100%; object-fit: contain;border-radius: 0px 0px 0px 0px;" class="main-image"></div><div style="-webkit-line-clamp: 2; overflow: hidden; display: -webkit-box!important; -webkit-box-orient: vertical; width: 100%;; margin: 0px 0px 4px 0px"><span style="font-size: 14px; font-weight: normal; color: rgba(33, 43, 54, 1); word-break: break-all; vertical-align: middle" class="product-title">[베티스] 스페인 엑스트라버진 올리브오일, 500ml, 1개</span></div><div style="display: flex; flex-direction: row; -webkit-box-sizing: border-box; min-width: fit-content; width: fit-content; margin: 0px 0px 4px 0px; align-items: center"><div style="-webkit-line-clamp: 1; overflow: hidden; display: -webkit-box!important; -webkit-box-orient: vertical; min-width: fit-content; width: fit-content; margin: 0px 4px 0px 0px"><span style="font-size: 14px; font-weight: bold; color: rgba(203, 20, 0, 1); word-break: break-all; vertical-align: middle">18,900원</span></div></div><div style="display: flex; flex-direction: column; min-width: fit-content; width: fit-content; margin: 0px 0px 4px 0px"></div><div style="display: flex; flex-direction: row; -webkit-box-sizing: border-box; min-width: fit-content; width: fit-content"></div><div style="min-width: fit-content; width: fit-content; height: 18px; min-height: 18px; padding: 0px 0px 2px 0px; margin: 0px 2px 0px 0px; overflow: hidden"><img src="http://image1.coupangcdn.com/image/coupang/rds/logo/xxxhdpi/logo_rocket_merchant_medium_v3_r3.png" style="vertical-align: top; height: 100%; object-fit: contain;border-radius: 0px 0px 0px 0px;"></div><div style="display: flex; flex-direction: row; -webkit-box-sizing: border-box; min-width: fit-content; width: fit-content; align-items: flex-end"><div style="display: flex; min-width: fit-content; width: fit-content; height: 13px; min-height: 13px; margin: 0px 2px 0px 0px"><span style="display: block; background-image: url(//static.coupangcdn.com/image/cmg/common/rating-star/RDS.png); background-repeat: no-repeat; width: 60px; height: 12px; background-size: 60px 24px; background-position: 0 -12px"><em style="display: block; background-image: url(//static.coupangcdn.com/image/cmg/common/rating-star/RDS.png); background-repeat: no-repeat; width: 100%; height: 12px; background-size: 60px 24px; background-position: 0 0"></em></span></div><div style="-webkit-line-clamp: 1; overflow: hidden; display: -webkit-box!important; -webkit-box-orient: vertical; min-width: fit-content; width: fit-content"><span style="font-size: 12px; font-weight: normal; color: rgba(118, 134, 149, 1); word-break: break-all; vertical-align: middle">(337)</span></div></div></div><div style="display: flex; flex-direction: column; width: 1px; min-width: 1px; align-self: stretch; margin: 0px 0px 16px 0px; background-color: rgba(238, 238, 238, 1)"></div></div><div style="display: flex; flex-direction: row; -webkit-box-sizing: border-box; min-width: fit-content; width: fit-content"><div style="display: flex; flex-direction: column; width: 124px; min-width: 124px; margin: 0px 12px 16px 12px" class="cmg-dco-carousel-item cmg-dco-carousel-product" data-adsplatform="{&quot;viewImpression&quot;: &quot;https://mercury.coupang.com/e.gif?r=3dedd680-3ac9-11f0-b64b-e7ba56c3df8e%7E2&amp;templateId=3881&quot;}"><div style="width: 124px; min-width: 124px; height: 124px; min-height: 124px; margin: 0px 0px 8px 0px; overflow: hidden"><img src="https://thumbnail15.coupangcdn.com/thumbnails/remote/292x292q65ex/image/vendor_inventory/f81c/d700081abe50acc2730d49378bdce9c9e001c599d299a86af9374d709a34.png" style="vertical-align: top; height: 100%; object-fit: contain;border-radius: 0px 0px 0px 0px;" class="main-image"></div><div style="-webkit-line-clamp: 2; overflow: hidden; display: -webkit-box!important; -webkit-box-orient: vertical; width: 100%;; margin: 0px 0px 4px 0px"><span style="font-size: 14px; font-weight: normal; color: rgba(33, 43, 54, 1); word-break: break-all; vertical-align: middle" class="product-title">보노리 이탈리아 엑스트라버진 블랙 트러플 올리브오일(블랙 트러플 추출물 함유), 1개, 250ml</span></div><div style="display: flex; flex-direction: row; -webkit-box-sizing: border-box; min-width: fit-content; width: fit-content; margin: 0px 0px 4px 0px; align-items: center"><div style="-webkit-line-clamp: 1; overflow: hidden; display: -webkit-box!important; -webkit-box-orient: vertical; min-width: fit-content; width: fit-content; margin: 0px 4px 0px 0px"><span style="font-size: 14px; font-weight: bold; color: rgba(203, 20, 0, 1); word-break: break-all; vertical-align: middle">21,000원</span></div></div><div style="display: flex; flex-direction: column; min-width: fit-content; width: fit-content; margin: 0px 0px 4px 0px"></div><div style="display: flex; flex-direction: row; -webkit-box-sizing: border-box; min-width: fit-content; width: fit-content"></div><div style="min-width: fit-content; width: fit-content; height: 18px; min-height: 18px; padding: 0px 0px 2px 0px; margin: 0px 2px 0px 0px; overflow: hidden"><img src="http://image2.coupangcdn.com/image/coupang/rds/logo/xxxhdpi/logo_rocket_merchant_medium_v3_r3.png" style="vertical-align: top; height: 100%; object-fit: contain;border-radius: 0px 0px 0px 0px;"></div><div style="display: flex; flex-direction: row; -webkit-box-sizing: border-box; min-width: fit-content; width: fit-content; align-items: flex-end"><div style="display: flex; min-width: fit-content; width: fit-content; height: 13px; min-height: 13px; margin: 0px 2px 0px 0px"><span style="display: block; background-image: url(//static.coupangcdn.com/image/cmg/common/rating-star/RDS.png); background-repeat: no-repeat; width: 60px; height: 12px; background-size: 60px 24px; background-position: 0 -12px"><em style="display: block; background-image: url(//static.coupangcdn.com/image/cmg/common/rating-star/RDS.png); background-repeat: no-repeat; width: 100%; height: 12px; background-size: 60px 24px; background-position: 0 0"></em></span></div><div style="-webkit-line-clamp: 1; overflow: hidden; display: -webkit-box!important; -webkit-box-orient: vertical; min-width: fit-content; width: fit-content"><span style="font-size: 12px; font-weight: normal; color: rgba(118, 134, 149, 1); word-break: break-all; vertical-align: middle">(40)</span></div></div></div><div style="display: flex; flex-direction: column; width: 1px; min-width: 1px; align-self: stretch; margin: 0px 0px 16px 0px; background-color: rgba(238, 238, 238, 1)"></div></div><div style="display: flex; flex-direction: row; -webkit-box-sizing: border-box; min-width: fit-content; width: fit-content"><div style="display: flex; flex-direction: column; width: 124px; min-width: 124px; margin: 0px 12px 16px 12px" class="cmg-dco-carousel-item cmg-dco-carousel-product" data-adsplatform="{&quot;viewImpression&quot;: &quot;https://mercury.coupang.com/e.gif?r=3dedd680-3ac9-11f0-91fd-20d7549f6504%7E2&amp;templateId=3881&quot;}"><div style="width: 124px; min-width: 124px; height: 124px; min-height: 124px; margin: 0px 0px 8px 0px; overflow: hidden"><img src="https://thumbnail12.coupangcdn.com/thumbnails/remote/292x292q65ex/image/vendor_inventory/8965/d3abb6517d34494930b8357802c3fcbadda522c2c883e6b32917c570d8db.jpg" style="vertical-align: top; height: 100%; object-fit: contain;border-radius: 0px 0px 0px 0px;" class="main-image"></div><div style="-webkit-line-clamp: 100; overflow: hidden; display: -webkit-box!important; -webkit-box-orient: vertical; min-width: fit-content; width: fit-content; padding: 0px 0px 6px 0px"><span style="font-size: 12px; font-weight: bold; color: rgba(99, 115, 129, 1); word-break: break-all; vertical-align: middle">무료배송</span></div><div style="-webkit-line-clamp: 2; overflow: hidden; display: -webkit-box!important; -webkit-box-orient: vertical; width: 100%;; margin: 0px 0px 4px 0px"><span style="font-size: 14px; font-weight: normal; color: rgba(33, 43, 54, 1); word-break: break-all; vertical-align: middle" class="product-title">로얄트리 멕시코 최고급 HASS품종 아보카도오일 100% 엑스트라버진 냉압착추출, 1개, 250ml</span></div><div style="display: flex; flex-direction: row; -webkit-box-sizing: border-box; min-width: fit-content; width: fit-content; margin: 0px 0px 4px 0px; align-items: center"><div style="-webkit-line-clamp: 1; overflow: hidden; display: -webkit-box!important; -webkit-box-orient: vertical; min-width: fit-content; width: fit-content; margin: 0px 4px 0px 0px"><span style="font-size: 14px; font-weight: bold; color: rgba(203, 20, 0, 1); word-break: break-all; vertical-align: middle">9,900원</span></div></div><div style="display: flex; flex-direction: column; min-width: fit-content; width: fit-content; margin: 0px 0px 4px 0px"></div><div style="display: flex; flex-direction: row; -webkit-box-sizing: border-box; min-width: fit-content; width: fit-content"><div style="display: flex; flex-direction: row; -webkit-box-sizing: border-box; min-width: fit-content; width: fit-content; height: 16px; min-height: 16px; padding: 0px 4px 1px 4px; margin: 0px 0px 6px 0px; background-color: rgba(225, 39, 5, 1); border-radius: 4px 4px 4px 4px; align-items: center"><div style="-webkit-line-clamp: 1; overflow: hidden; display: -webkit-box!important; -webkit-box-orient: vertical; min-width: fit-content; width: fit-content; margin: 0px 2px 0px 0px"><span style="font-size: 11px; font-weight: bold; color: rgba(255, 255, 255, 1); word-break: break-all; vertical-align: middle">66%</span></div><div style="-webkit-line-clamp: 1; overflow: hidden; display: -webkit-box!important; -webkit-box-orient: vertical; min-width: fit-content; width: fit-content"><span style="font-size: 11px; font-weight: bold; color: rgba(255, 255, 255, 1); word-break: break-all; vertical-align: middle">할인</span></div></div></div><div style="display: flex; flex-direction: row; -webkit-box-sizing: border-box; min-width: fit-content; width: fit-content; align-items: flex-end"><div style="display: flex; min-width: fit-content; width: fit-content; height: 13px; min-height: 13px; margin: 0px 2px 0px 0px"><span style="display: block; background-image: url(//static.coupangcdn.com/image/cmg/common/rating-star/RDS.png); background-repeat: no-repeat; width: 60px; height: 12px; background-size: 60px 24px; background-position: 0 -12px"><em style="display: block; background-image: url(//static.coupangcdn.com/image/cmg/common/rating-star/RDS.png); background-repeat: no-repeat; width: 90%; height: 12px; background-size: 60px 24px; background-position: 0 0"></em></span></div><div style="-webkit-line-clamp: 1; overflow: hidden; display: -webkit-box!important; -webkit-box-orient: vertical; min-width: fit-content; width: fit-content"><span style="font-size: 12px; font-weight: normal; color: rgba(118, 134, 149, 1); word-break: break-all; vertical-align: middle">(992)</span></div></div></div><div style="display: flex; flex-direction: column; width: 1px; min-width: 1px; align-self: stretch; margin: 0px 0px 16px 0px; background-color: rgba(238, 238, 238, 1)"></div></div><div style="display: flex; flex-direction: row; -webkit-box-sizing: border-box; min-width: fit-content; width: fit-content"><div style="display: flex; flex-direction: column; width: 124px; min-width: 124px; margin: 0px 12px 16px 12px" class="cmg-dco-carousel-item cmg-dco-carousel-product" data-adsplatform="{&quot;viewImpression&quot;: &quot;https://mercury.coupang.com/e.gif?r=3dedd680-3ac9-11f0-ba99-b59f1225861f%7E2&amp;templateId=3881&quot;}"><div style="width: 124px; min-width: 124px; height: 124px; min-height: 124px; margin: 0px 0px 8px 0px; overflow: hidden"><img src="https://thumbnail3.coupangcdn.com/thumbnails/remote/292x292q65ex/image/vendor_inventory/d93a/d1a54934dc95783ce0f46225f43e1455aa2e17d462c83332e37e206a9bcd.jpg" style="vertical-align: top; height: 100%; object-fit: contain;border-radius: 0px 0px 0px 0px;" class="main-image"></div><div style="-webkit-line-clamp: 100; overflow: hidden; display: -webkit-box!important; -webkit-box-orient: vertical; min-width: fit-content; width: fit-content; padding: 0px 0px 6px 0px"><span style="font-size: 12px; font-weight: bold; color: rgba(99, 115, 129, 1); word-break: break-all; vertical-align: middle">무료배송</span></div><div style="-webkit-line-clamp: 2; overflow: hidden; display: -webkit-box!important; -webkit-box-orient: vertical; width: 100%;; margin: 0px 0px 4px 0px"><span style="font-size: 14px; font-weight: normal; color: rgba(33, 43, 54, 1); word-break: break-all; vertical-align: middle" class="product-title">농부플러스 국산 냉압착 생들기름, 300ml, 1개</span></div><div style="display: flex; flex-direction: row; -webkit-box-sizing: border-box; min-width: fit-content; width: fit-content; margin: 0px 0px 4px 0px; align-items: center"><div style="-webkit-line-clamp: 1; overflow: hidden; display: -webkit-box!important; -webkit-box-orient: vertical; min-width: fit-content; width: fit-content; margin: 0px 4px 0px 0px"><span style="font-size: 14px; font-weight: bold; color: rgba(203, 20, 0, 1); word-break: break-all; vertical-align: middle">32,810원</span></div></div><div style="display: flex; flex-direction: column; min-width: fit-content; width: fit-content; margin: 0px 0px 4px 0px"></div><div style="display: flex; flex-direction: row; -webkit-box-sizing: border-box; min-width: fit-content; width: fit-content"></div><div style="display: flex; flex-direction: row; -webkit-box-sizing: border-box; min-width: fit-content; width: fit-content; align-items: flex-end"><div style="display: flex; min-width: fit-content; width: fit-content; height: 13px; min-height: 13px; margin: 0px 2px 0px 0px"><span style="display: block; background-image: url(//static.coupangcdn.com/image/cmg/common/rating-star/RDS.png); background-repeat: no-repeat; width: 60px; height: 12px; background-size: 60px 24px; background-position: 0 -12px"><em style="display: block; background-image: url(//static.coupangcdn.com/image/cmg/common/rating-star/RDS.png); background-repeat: no-repeat; width: 100%; height: 12px; background-size: 60px 24px; background-position: 0 0"></em></span></div><div style="-webkit-line-clamp: 1; overflow: hidden; display: -webkit-box!important; -webkit-box-orient: vertical; min-width: fit-content; width: fit-content"><span style="font-size: 12px; font-weight: normal; color: rgba(118, 134, 149, 1); word-break: break-all; vertical-align: middle">(1,412)</span></div></div></div><div style="display: flex; flex-direction: column; width: 1px; min-width: 1px; align-self: stretch; margin: 0px 0px 16px 0px; background-color: rgba(238, 238, 238, 1)"></div></div><div style="display: flex; flex-direction: row; -webkit-box-sizing: border-box; min-width: fit-content; width: fit-content"><div style="display: flex; flex-direction: column; width: 124px; min-width: 124px; margin: 0px 12px 16px 12px" class="cmg-dco-carousel-item cmg-dco-carousel-product" data-adsplatform="{&quot;viewImpression&quot;: &quot;https://mercury.coupang.com/e.gif?r=3dedd680-3ac9-11f0-a526-70c47ff81ece%7E2&amp;templateId=3881&quot;}"><div style="width: 124px; min-width: 124px; height: 124px; min-height: 124px; margin: 0px 0px 8px 0px; overflow: hidden"><img src="https://thumbnail8.coupangcdn.com/thumbnails/remote/292x292q65ex/image/vendor_inventory/4b72/9762cd712dd3af14b6ed7deddf75928b229bd73e581bdc9966832fab2572.jpg" style="vertical-align: top; height: 100%; object-fit: contain;border-radius: 0px 0px 0px 0px;" class="main-image"></div><div style="-webkit-line-clamp: 2; overflow: hidden; display: -webkit-box!important; -webkit-box-orient: vertical; width: 100%;; margin: 0px 0px 4px 0px"><span style="font-size: 14px; font-weight: normal; color: rgba(33, 43, 54, 1); word-break: break-all; vertical-align: middle" class="product-title">코린토 그리스 올리브오일 엑스트라 버진 폴리페놀 공복 선물세트, 1개, 500ml</span></div><div style="display: flex; flex-direction: row; -webkit-box-sizing: border-box; min-width: fit-content; width: fit-content; margin: 0px 0px 4px 0px; align-items: center"><div style="-webkit-line-clamp: 1; overflow: hidden; display: -webkit-box!important; -webkit-box-orient: vertical; min-width: fit-content; width: fit-content; margin: 0px 4px 0px 0px"><span style="font-size: 14px; font-weight: bold; color: rgba(203, 20, 0, 1); word-break: break-all; vertical-align: middle">58,990원</span></div></div><div style="display: flex; flex-direction: column; min-width: fit-content; width: fit-content; margin: 0px 0px 4px 0px"></div><div style="display: flex; flex-direction: row; -webkit-box-sizing: border-box; min-width: fit-content; width: fit-content"></div><div style="min-width: fit-content; width: fit-content; height: 18px; min-height: 18px; padding: 0px 0px 2px 0px; margin: 0px 2px 0px 0px; overflow: hidden"><img src="http://image15.coupangcdn.com/image/coupang/rds/logo/xxxhdpi/logo_rocket_merchant_medium_v3_r3.png" style="vertical-align: top; height: 100%; object-fit: contain;border-radius: 0px 0px 0px 0px;"></div><div style="display: flex; flex-direction: row; -webkit-box-sizing: border-box; min-width: fit-content; width: fit-content; align-items: flex-end"><div style="display: flex; min-width: fit-content; width: fit-content; height: 13px; min-height: 13px; margin: 0px 2px 0px 0px"><span style="display: block; background-image: url(//static.coupangcdn.com/image/cmg/common/rating-star/RDS.png); background-repeat: no-repeat; width: 60px; height: 12px; background-size: 60px 24px; background-position: 0 -12px"><em style="display: block; background-image: url(//static.coupangcdn.com/image/cmg/common/rating-star/RDS.png); background-repeat: no-repeat; width: 100%; height: 12px; background-size: 60px 24px; background-position: 0 0"></em></span></div><div style="-webkit-line-clamp: 1; overflow: hidden; display: -webkit-box!important; -webkit-box-orient: vertical; min-width: fit-content; width: fit-content"><span style="font-size: 12px; font-weight: normal; color: rgba(118, 134, 149, 1); word-break: break-all; vertical-align: middle">(170)</span></div></div></div><div style="display: flex; flex-direction: column; width: 1px; min-width: 1px; align-self: stretch; margin: 0px 0px 16px 0px; background-color: rgba(238, 238, 238, 1)"></div></div><div style="display: flex; flex-direction: row; -webkit-box-sizing: border-box; min-width: fit-content; width: fit-content"><div style="display: flex; flex-direction: column; width: 124px; min-width: 124px; margin: 0px 12px 16px 12px" class="cmg-dco-carousel-item cmg-dco-carousel-product" data-adsplatform="{&quot;viewImpression&quot;: &quot;https://mercury.coupang.com/e.gif?r=3dedd680-3ac9-11f0-9adf-02025395d828%7E2&amp;templateId=3881&quot;}"><div style="width: 124px; min-width: 124px; height: 124px; min-height: 124px; margin: 0px 0px 8px 0px; overflow: hidden"><img src="https://thumbnail9.coupangcdn.com/thumbnails/remote/292x292q65ex/image/retail/images/2025/04/30/17/2/078748f2-afeb-4730-8a16-6ed0f0b9826e.jpg" style="vertical-align: top; height: 100%; object-fit: contain;border-radius: 0px 0px 0px 0px;" class="main-image"></div><div style="-webkit-line-clamp: 2; overflow: hidden; display: -webkit-box!important; -webkit-box-orient: vertical; width: 100%;; margin: 0px 0px 4px 0px"><span style="font-size: 14px; font-weight: normal; color: rgba(33, 43, 54, 1); word-break: break-all; vertical-align: middle" class="product-title">올바인 유기농 엑스트라버진 올리브오일 스틱 14p, 1개, 140g</span></div><div style="display: flex; flex-direction: row; -webkit-box-sizing: border-box; min-width: fit-content; width: fit-content; margin: 0px 0px 4px 0px; align-items: center"><div style="-webkit-line-clamp: 1; overflow: hidden; display: -webkit-box!important; -webkit-box-orient: vertical; min-width: fit-content; width: fit-content; margin: 0px 4px 0px 0px"><span style="font-size: 14px; font-weight: bold; color: rgba(203, 20, 0, 1); word-break: break-all; vertical-align: middle">16,900원</span></div></div><div style="display: flex; flex-direction: column; min-width: fit-content; width: fit-content; margin: 0px 0px 4px 0px"><div style="display: flex; flex-direction: row; -webkit-box-sizing: border-box; width: 100%;; margin: 3px 0px 0px 0px; background-color: rgba(255, 255, 255, 1); align-items: center; flex-wrap: wrap"><div style="-webkit-line-clamp: 100; overflow: hidden; display: -webkit-box!important; -webkit-box-orient: vertical; min-width: fit-content; width: fit-content; height: 20px; min-height: 20px; padding: 0px 4px 0px 5px; background-color: rgba(252, 233, 230, 1); border: solid 1px rgba(252, 210, 203, 1); border-radius: 2px 0px 0px 2px; display: flex !important; align-items: center"><span style="font-size: 12px; font-weight: bold; color: rgba(203, 20, 0, 1); word-break: break-all; vertical-align: middle">1%</span></div><div style="width: 5px; min-width: 5px; height: 20px; min-height: 20px; margin: 0px 4px 0px -1px; overflow: hidden"><img src="http://image6.coupangcdn.com/image/cmg/icon/dco/DOWNLOADABLE_COUPON@2x.png" style="vertical-align: top; height: 100%; object-fit: contain;border-radius: 0px 0px 0px 0px;"></div><div style="-webkit-line-clamp: 100; overflow: hidden; display: -webkit-box!important; -webkit-box-orient: vertical; min-width: fit-content; width: fit-content; padding: 2px 0px 0px 0px"><span style="font-size: 12px; font-weight: normal; color: rgba(69, 79, 91, 1); word-break: break-all; vertical-align: middle">와우 가입 쿠폰</span></div></div></div><div style="display: flex; flex-direction: row; -webkit-box-sizing: border-box; min-width: fit-content; width: fit-content"></div><div style="min-width: fit-content; width: fit-content; height: 18px; min-height: 18px; padding: 0px 0px 2px 0px; margin: 0px 2px 0px 0px; overflow: hidden"><img src="http://image4.coupangcdn.com/image/mobile_app/v3/badges/rocket/v3/android/xxxhdpi/rocket_logo.png" style="vertical-align: top; height: 100%; object-fit: contain;border-radius: 0px 0px 0px 0px;"></div><div style="display: flex; flex-direction: row; -webkit-box-sizing: border-box; min-width: fit-content; width: fit-content; align-items: flex-end"><div style="display: flex; min-width: fit-content; width: fit-content; height: 13px; min-height: 13px; margin: 0px 2px 0px 0px"><span style="display: block; background-image: url(//static.coupangcdn.com/image/cmg/common/rating-star/RDS.png); background-repeat: no-repeat; width: 60px; height: 12px; background-size: 60px 24px; background-position: 0 -12px"><em style="display: block; background-image: url(//static.coupangcdn.com/image/cmg/common/rating-star/RDS.png); background-repeat: no-repeat; width: 100%; height: 12px; background-size: 60px 24px; background-position: 0 0"></em></span></div><div style="-webkit-line-clamp: 1; overflow: hidden; display: -webkit-box!important; -webkit-box-orient: vertical; min-width: fit-content; width: fit-content"><span style="font-size: 12px; font-weight: normal; color: rgba(118, 134, 149, 1); word-break: break-all; vertical-align: middle">(81)</span></div></div></div><div style="display: flex; flex-direction: column; width: 1px; min-width: 1px; align-self: stretch; margin: 0px 0px 16px 0px; background-color: rgba(238, 238, 238, 1)"></div></div><div style="display: flex; flex-direction: row; -webkit-box-sizing: border-box; min-width: fit-content; width: fit-content"><div style="display: flex; flex-direction: column; width: 124px; min-width: 124px; margin: 0px 12px 16px 12px" class="cmg-dco-carousel-item cmg-dco-carousel-product" data-adsplatform="{&quot;viewImpression&quot;: &quot;https://mercury.coupang.com/e.gif?r=3dedd680-3ac9-11f0-b535-47c455945f17%7E2&amp;templateId=3881&quot;}"><div style="width: 124px; min-width: 124px; height: 124px; min-height: 124px; margin: 0px 0px 8px 0px; overflow: hidden"><img src="https://thumbnail4.coupangcdn.com/thumbnails/remote/292x292q65ex/image/vendor_inventory/ba29/4fcc3b44063849293081366b45869e108845c41dffb0c2f1835106068834.jpg" style="vertical-align: top; height: 100%; object-fit: contain;border-radius: 0px 0px 0px 0px;" class="main-image"></div><div style="-webkit-line-clamp: 100; overflow: hidden; display: -webkit-box!important; -webkit-box-orient: vertical; min-width: fit-content; width: fit-content; padding: 0px 0px 6px 0px"><span style="font-size: 12px; font-weight: bold; color: rgba(99, 115, 129, 1); word-break: break-all; vertical-align: middle">무료배송</span></div><div style="-webkit-line-clamp: 2; overflow: hidden; display: -webkit-box!important; -webkit-box-orient: vertical; width: 100%;; margin: 0px 0px 4px 0px"><span style="font-size: 14px; font-weight: normal; color: rgba(33, 43, 54, 1); word-break: break-all; vertical-align: middle" class="product-title">사브로소 엑스트라버진 올리브유 1L x 2개</span></div><div style="display: flex; flex-direction: row; -webkit-box-sizing: border-box; min-width: fit-content; width: fit-content; margin: 0px 0px 4px 0px; align-items: center"><div style="-webkit-line-clamp: 1; overflow: hidden; display: -webkit-box!important; -webkit-box-orient: vertical; min-width: fit-content; width: fit-content; margin: 0px 4px 0px 0px"><span style="font-size: 14px; font-weight: bold; color: rgba(203, 20, 0, 1); word-break: break-all; vertical-align: middle">45,500원</span></div></div><div style="display: flex; flex-direction: column; min-width: fit-content; width: fit-content; margin: 0px 0px 4px 0px"></div><div style="display: flex; flex-direction: row; -webkit-box-sizing: border-box; min-width: fit-content; width: fit-content"></div><div style="display: flex; flex-direction: row; -webkit-box-sizing: border-box; min-width: fit-content; width: fit-content; align-items: flex-end"><div style="display: flex; min-width: fit-content; width: fit-content; height: 13px; min-height: 13px; margin: 0px 2px 0px 0px"><span style="display: block; background-image: url(//static.coupangcdn.com/image/cmg/common/rating-star/RDS.png); background-repeat: no-repeat; width: 60px; height: 12px; background-size: 60px 24px; background-position: 0 -12px"><em style="display: block; background-image: url(//static.coupangcdn.com/image/cmg/common/rating-star/RDS.png); background-repeat: no-repeat; width: 100%; height: 12px; background-size: 60px 24px; background-position: 0 0"></em></span></div><div style="-webkit-line-clamp: 1; overflow: hidden; display: -webkit-box!important; -webkit-box-orient: vertical; min-width: fit-content; width: fit-content"><span style="font-size: 12px; font-weight: normal; color: rgba(118, 134, 149, 1); word-break: break-all; vertical-align: middle">(187)</span></div></div></div><div style="display: flex; flex-direction: column; width: 1px; min-width: 1px; align-self: stretch; margin: 0px 0px 16px 0px; background-color: rgba(238, 238, 238, 1)"></div></div><div style="display: flex; flex-direction: row; -webkit-box-sizing: border-box; min-width: fit-content; width: fit-content"><div style="display: flex; flex-direction: column; width: 124px; min-width: 124px; margin: 0px 12px 16px 12px" class="cmg-dco-carousel-item cmg-dco-carousel-product" data-adsplatform="{&quot;viewImpression&quot;: &quot;https://mercury.coupang.com/e.gif?r=3dedfd90-3ac9-11f0-b0d2-245cc10102a5%7E2&amp;templateId=3881&quot;}"><div style="width: 124px; min-width: 124px; height: 124px; min-height: 124px; margin: 0px 0px 8px 0px; overflow: hidden"><img src="https://thumbnail4.coupangcdn.com/thumbnails/remote/292x292q65ex/image/vendor_inventory/ac4d/a9746bcb482edd1ec5a5ab1e0100c94e24f063eb39a524b6626a60fa5c9e.jpg" style="vertical-align: top; height: 100%; object-fit: contain;border-radius: 0px 0px 0px 0px;" class="main-image"></div><div style="-webkit-line-clamp: 100; overflow: hidden; display: -webkit-box!important; -webkit-box-orient: vertical; min-width: fit-content; width: fit-content; padding: 0px 0px 6px 0px"><span style="font-size: 12px; font-weight: bold; color: rgba(99, 115, 129, 1); word-break: break-all; vertical-align: middle">무료배송</span></div><div style="-webkit-line-clamp: 2; overflow: hidden; display: -webkit-box!important; -webkit-box-orient: vertical; width: 100%;; margin: 0px 0px 4px 0px"><span style="font-size: 14px; font-weight: normal; color: rgba(33, 43, 54, 1); word-break: break-all; vertical-align: middle" class="product-title">올리메가 엑스트라버진 카멜리나 오일 피토스테롤, 1개, 250ml</span></div><div style="display: flex; flex-direction: row; -webkit-box-sizing: border-box; min-width: fit-content; width: fit-content; margin: 0px 0px 4px 0px; align-items: center"><div style="-webkit-line-clamp: 1; overflow: hidden; display: -webkit-box!important; -webkit-box-orient: vertical; min-width: fit-content; width: fit-content; margin: 0px 4px 0px 0px"><span style="font-size: 14px; font-weight: bold; color: rgba(203, 20, 0, 1); word-break: break-all; vertical-align: middle">25,200원</span></div></div><div style="display: flex; flex-direction: column; min-width: fit-content; width: fit-content; margin: 0px 0px 4px 0px"></div><div style="display: flex; flex-direction: row; -webkit-box-sizing: border-box; min-width: fit-content; width: fit-content"></div><div style="display: flex; flex-direction: row; -webkit-box-sizing: border-box; min-width: fit-content; width: fit-content; align-items: flex-end"><div style="display: flex; min-width: fit-content; width: fit-content; height: 13px; min-height: 13px; margin: 0px 2px 0px 0px"><span style="display: block; background-image: url(//static.coupangcdn.com/image/cmg/common/rating-star/RDS.png); background-repeat: no-repeat; width: 60px; height: 12px; background-size: 60px 24px; background-position: 0 -12px"><em style="display: block; background-image: url(//static.coupangcdn.com/image/cmg/common/rating-star/RDS.png); background-repeat: no-repeat; width: 80%; height: 12px; background-size: 60px 24px; background-position: 0 0"></em></span></div><div style="-webkit-line-clamp: 1; overflow: hidden; display: -webkit-box!important; -webkit-box-orient: vertical; min-width: fit-content; width: fit-content"><span style="font-size: 12px; font-weight: normal; color: rgba(118, 134, 149, 1); word-break: break-all; vertical-align: middle">(20)</span></div></div></div><div style="display: flex; flex-direction: column; width: 1px; min-width: 1px; align-self: stretch; margin: 0px 0px 16px 0px; background-color: rgba(238, 238, 238, 1)"></div></div><div style="display: flex; flex-direction: row; -webkit-box-sizing: border-box; min-width: fit-content; width: fit-content"><div style="display: flex; flex-direction: column; width: 124px; min-width: 124px; margin: 0px 12px 16px 12px" class="cmg-dco-carousel-item cmg-dco-carousel-product" data-adsplatform="{&quot;viewImpression&quot;: &quot;https://mercury.coupang.com/e.gif?r=3dedfd90-3ac9-11f0-ba8b-e8448b227d93%7E2&amp;templateId=3881&quot;}"><div style="width: 124px; min-width: 124px; height: 124px; min-height: 124px; margin: 0px 0px 8px 0px; overflow: hidden"><img src="https://thumbnail7.coupangcdn.com/thumbnails/remote/292x292q65ex/image/vendor_inventory/e687/9c725ad00206415ff2477b7e7920ceb7c83753ba7ddd1a815c32c1165ecd.jpg" style="vertical-align: top; height: 100%; object-fit: contain;border-radius: 0px 0px 0px 0px;" class="main-image"></div><div style="-webkit-line-clamp: 100; overflow: hidden; display: -webkit-box!important; -webkit-box-orient: vertical; min-width: fit-content; width: fit-content; padding: 0px 0px 6px 0px"><span style="font-size: 12px; font-weight: bold; color: rgba(99, 115, 129, 1); word-break: break-all; vertical-align: middle">무료배송</span></div><div style="-webkit-line-clamp: 2; overflow: hidden; display: -webkit-box!important; -webkit-box-orient: vertical; width: 100%;; margin: 0px 0px 4px 0px"><span style="font-size: 14px; font-weight: normal; color: rgba(33, 43, 54, 1); word-break: break-all; vertical-align: middle" class="product-title">베스트오브그린 피쿠알 유기농 엑스트라버진 올리브오일 스틱 15개입, 4박스, 150g</span></div><div style="display: flex; flex-direction: row; -webkit-box-sizing: border-box; min-width: fit-content; width: fit-content; margin: 0px 0px 4px 0px; align-items: center"><div style="-webkit-line-clamp: 1; overflow: hidden; display: -webkit-box!important; -webkit-box-orient: vertical; min-width: fit-content; width: fit-content; margin: 0px 4px 0px 0px"><span style="font-size: 14px; font-weight: bold; color: rgba(203, 20, 0, 1); word-break: break-all; vertical-align: middle">54,900원</span></div></div><div style="display: flex; flex-direction: column; min-width: fit-content; width: fit-content; margin: 0px 0px 4px 0px"></div><div style="display: flex; flex-direction: row; -webkit-box-sizing: border-box; min-width: fit-content; width: fit-content"></div><div style="display: flex; flex-direction: row; -webkit-box-sizing: border-box; min-width: fit-content; width: fit-content; align-items: flex-end"><div style="display: flex; min-width: fit-content; width: fit-content; height: 13px; min-height: 13px; margin: 0px 2px 0px 0px"><span style="display: block; background-image: url(//static.coupangcdn.com/image/cmg/common/rating-star/RDS.png); background-repeat: no-repeat; width: 60px; height: 12px; background-size: 60px 24px; background-position: 0 -12px"><em style="display: block; background-image: url(//static.coupangcdn.com/image/cmg/common/rating-star/RDS.png); background-repeat: no-repeat; width: 100%; height: 12px; background-size: 60px 24px; background-position: 0 0"></em></span></div><div style="-webkit-line-clamp: 1; overflow: hidden; display: -webkit-box!important; -webkit-box-orient: vertical; min-width: fit-content; width: fit-content"><span style="font-size: 12px; font-weight: normal; color: rgba(118, 134, 149, 1); word-break: break-all; vertical-align: middle">(48)</span></div></div></div><div style="display: flex; flex-direction: column; width: 1px; min-width: 1px; align-self: stretch; margin: 0px 0px 16px 0px; background-color: rgba(238, 238, 238, 1)"></div></div><div style="display: flex; flex-direction: row; -webkit-box-sizing: border-box; min-width: fit-content; width: fit-content"><div style="display: flex; flex-direction: column; width: 124px; min-width: 124px; margin: 0px 12px 16px 12px" class="cmg-dco-carousel-item cmg-dco-carousel-product" data-adsplatform="{&quot;viewImpression&quot;: &quot;https://mercury.coupang.com/e.gif?r=3dedfd90-3ac9-11f0-95ea-789d36f9b2cc%7E2&amp;templateId=3881&quot;}"><div style="width: 124px; min-width: 124px; height: 124px; min-height: 124px; margin: 0px 0px 8px 0px; overflow: hidden"><img src="https://thumbnail5.coupangcdn.com/thumbnails/remote/292x292q65ex/image/vendor_inventory/5c2d/ce1abc884c11eb76bdcb747cbecc3f12ac2ebe82676c350e10538290a17b.jpg" style="vertical-align: top; height: 100%; object-fit: contain;border-radius: 0px 0px 0px 0px;" class="main-image"></div><div style="-webkit-line-clamp: 100; overflow: hidden; display: -webkit-box!important; -webkit-box-orient: vertical; min-width: fit-content; width: fit-content; padding: 0px 0px 6px 0px"><span style="font-size: 12px; font-weight: bold; color: rgba(99, 115, 129, 1); word-break: break-all; vertical-align: middle">무료배송</span></div><div style="-webkit-line-clamp: 2; overflow: hidden; display: -webkit-box!important; -webkit-box-orient: vertical; width: 100%;; margin: 0px 0px 4px 0px"><span style="font-size: 14px; font-weight: normal; color: rgba(33, 43, 54, 1); word-break: break-all; vertical-align: middle" class="product-title">후에르타 로스 까뇨스 유기농 엑스트라 버진 올리브 오일 500ML, 3병 에어캡, 3개</span></div><div style="display: flex; flex-direction: row; -webkit-box-sizing: border-box; min-width: fit-content; width: fit-content; margin: 0px 0px 4px 0px; align-items: center"><div style="-webkit-line-clamp: 1; overflow: hidden; display: -webkit-box!important; -webkit-box-orient: vertical; min-width: fit-content; width: fit-content; margin: 0px 4px 0px 0px"><span style="font-size: 14px; font-weight: bold; color: rgba(203, 20, 0, 1); word-break: break-all; vertical-align: middle">270,000원</span></div></div><div style="display: flex; flex-direction: column; min-width: fit-content; width: fit-content; margin: 0px 0px 4px 0px"></div><div style="display: flex; flex-direction: row; -webkit-box-sizing: border-box; min-width: fit-content; width: fit-content"></div><div style="display: flex; flex-direction: row; -webkit-box-sizing: border-box; min-width: fit-content; width: fit-content; align-items: flex-end"><div style="display: flex; min-width: fit-content; width: fit-content; height: 13px; min-height: 13px; margin: 0px 2px 0px 0px"><span style="display: block; background-image: url(//static.coupangcdn.com/image/cmg/common/rating-star/RDS.png); background-repeat: no-repeat; width: 60px; height: 12px; background-size: 60px 24px; background-position: 0 -12px"><em style="display: block; background-image: url(//static.coupangcdn.com/image/cmg/common/rating-star/RDS.png); background-repeat: no-repeat; width: 100%; height: 12px; background-size: 60px 24px; background-position: 0 0"></em></span></div><div style="-webkit-line-clamp: 1; overflow: hidden; display: -webkit-box!important; -webkit-box-orient: vertical; min-width: fit-content; width: fit-content"><span style="font-size: 12px; font-weight: normal; color: rgba(118, 134, 149, 1); word-break: break-all; vertical-align: middle">(160)</span></div></div></div><div style="display: flex; flex-direction: column; width: 1px; min-width: 1px; align-self: stretch; margin: 0px 0px 16px 0px; background-color: rgba(238, 238, 238, 1)"></div></div><div style="display: flex; flex-direction: row; -webkit-box-sizing: border-box; min-width: fit-content; width: fit-content"><div style="display: flex; flex-direction: column; width: 124px; min-width: 124px; margin: 0px 12px 16px 12px" class="cmg-dco-carousel-item cmg-dco-carousel-product" data-adsplatform="{&quot;viewImpression&quot;: &quot;https://mercury.coupang.com/e.gif?r=3dedfd90-3ac9-11f0-b27a-6c48fedf09c0%7E2&amp;templateId=3881&quot;}"><div style="width: 124px; min-width: 124px; height: 124px; min-height: 124px; margin: 0px 0px 8px 0px; overflow: hidden"><img src="https://thumbnail7.coupangcdn.com/thumbnails/remote/292x292q65ex/image/vendor_inventory/69a4/40764d73000071d70aaed5f91aca1be890da31cdd799adc7feb6c9f8304c.jpg" style="vertical-align: top; height: 100%; object-fit: contain;border-radius: 0px 0px 0px 0px;" class="main-image"></div><div style="-webkit-line-clamp: 2; overflow: hidden; display: -webkit-box!important; -webkit-box-orient: vertical; width: 100%;; margin: 0px 0px 4px 0px"><span style="font-size: 14px; font-weight: normal; color: rgba(33, 43, 54, 1); word-break: break-all; vertical-align: middle" class="product-title">샐러드용 냉압착 엑스트라버진 올리브오일 베네토 발폴리첼라 돕 DOP 햇올리브오일, 250ml, 1개</span></div><div style="display: flex; flex-direction: row; -webkit-box-sizing: border-box; min-width: fit-content; width: fit-content; margin: 0px 0px 4px 0px; align-items: center"><div style="-webkit-line-clamp: 1; overflow: hidden; display: -webkit-box!important; -webkit-box-orient: vertical; min-width: fit-content; width: fit-content; margin: 0px 4px 0px 0px"><span style="font-size: 14px; font-weight: bold; color: rgba(203, 20, 0, 1); word-break: break-all; vertical-align: middle">29,900원</span></div></div><div style="display: flex; flex-direction: column; min-width: fit-content; width: fit-content; margin: 0px 0px 4px 0px"></div><div style="display: flex; flex-direction: row; -webkit-box-sizing: border-box; min-width: fit-content; width: fit-content"></div><div style="min-width: fit-content; width: fit-content; height: 18px; min-height: 18px; padding: 0px 0px 2px 0px; margin: 0px 2px 0px 0px; overflow: hidden"><img src="http://image7.coupangcdn.com/image/coupang/rds/logo/xxxhdpi/logo_rocket_merchant_medium_v3_r3.png" style="vertical-align: top; height: 100%; object-fit: contain;border-radius: 0px 0px 0px 0px;"></div><div style="display: flex; flex-direction: row; -webkit-box-sizing: border-box; min-width: fit-content; width: fit-content; align-items: flex-end"><div style="display: flex; min-width: fit-content; width: fit-content; height: 13px; min-height: 13px; margin: 0px 2px 0px 0px"><span style="display: block; background-image: url(//static.coupangcdn.com/image/cmg/common/rating-star/RDS.png); background-repeat: no-repeat; width: 60px; height: 12px; background-size: 60px 24px; background-position: 0 -12px"><em style="display: block; background-image: url(//static.coupangcdn.com/image/cmg/common/rating-star/RDS.png); background-repeat: no-repeat; width: 100%; height: 12px; background-size: 60px 24px; background-position: 0 0"></em></span></div><div style="-webkit-line-clamp: 1; overflow: hidden; display: -webkit-box!important; -webkit-box-orient: vertical; min-width: fit-content; width: fit-content"><span style="font-size: 12px; font-weight: normal; color: rgba(118, 134, 149, 1); word-break: break-all; vertical-align: middle">(133)</span></div></div></div><div style="display: flex; flex-direction: column; width: 1px; min-width: 1px; align-self: stretch; margin: 0px 0px 16px 0px; background-color: rgba(238, 238, 238, 1)"></div></div><div style="display: flex; flex-direction: row; -webkit-box-sizing: border-box; min-width: fit-content; width: fit-content"><div style="display: flex; flex-direction: column; width: 124px; min-width: 124px; margin: 0px 12px 16px 12px" class="cmg-dco-carousel-item cmg-dco-carousel-product" data-adsplatform="{&quot;viewImpression&quot;: &quot;https://mercury.coupang.com/e.gif?r=3dedfd90-3ac9-11f0-9520-fb68ef7f233d%7E2&amp;templateId=3881&quot;}"><div style="width: 124px; min-width: 124px; height: 124px; min-height: 124px; margin: 0px 0px 8px 0px; overflow: hidden"><img src="https://thumbnail8.coupangcdn.com/thumbnails/remote/292x292q65ex/image/vendor_inventory/7123/42152b87e864553869b8fbf8f645d9bb65a55b468d72155a5d558500f29f.jpg" style="vertical-align: top; height: 100%; object-fit: contain;border-radius: 0px 0px 0px 0px;" class="main-image"></div><div style="-webkit-line-clamp: 100; overflow: hidden; display: -webkit-box!important; -webkit-box-orient: vertical; min-width: fit-content; width: fit-content; padding: 0px 0px 6px 0px"><span style="font-size: 12px; font-weight: bold; color: rgba(99, 115, 129, 1); word-break: break-all; vertical-align: middle">무료배송</span></div><div style="-webkit-line-clamp: 2; overflow: hidden; display: -webkit-box!important; -webkit-box-orient: vertical; width: 100%;; margin: 0px 0px 4px 0px"><span style="font-size: 14px; font-weight: normal; color: rgba(33, 43, 54, 1); word-break: break-all; vertical-align: middle" class="product-title">저온압착 청년 들기름, 2개, 350ml</span></div><div style="display: flex; flex-direction: row; -webkit-box-sizing: border-box; min-width: fit-content; width: fit-content; margin: 0px 0px 4px 0px; align-items: center"><div style="-webkit-line-clamp: 1; overflow: hidden; display: -webkit-box!important; -webkit-box-orient: vertical; min-width: fit-content; width: fit-content; margin: 0px 4px 0px 0px"><span style="font-size: 14px; font-weight: bold; color: rgba(203, 20, 0, 1); word-break: break-all; vertical-align: middle">28,250원</span></div></div><div style="display: flex; flex-direction: column; min-width: fit-content; width: fit-content; margin: 0px 0px 4px 0px"></div><div style="display: flex; flex-direction: row; -webkit-box-sizing: border-box; min-width: fit-content; width: fit-content"></div><div style="display: flex; flex-direction: row; -webkit-box-sizing: border-box; min-width: fit-content; width: fit-content; align-items: flex-end"><div style="display: flex; min-width: fit-content; width: fit-content; height: 13px; min-height: 13px; margin: 0px 2px 0px 0px"><span style="display: block; background-image: url(//static.coupangcdn.com/image/cmg/common/rating-star/RDS.png); background-repeat: no-repeat; width: 60px; height: 12px; background-size: 60px 24px; background-position: 0 -12px"><em style="display: block; background-image: url(//static.coupangcdn.com/image/cmg/common/rating-star/RDS.png); background-repeat: no-repeat; width: 90%; height: 12px; background-size: 60px 24px; background-position: 0 0"></em></span></div><div style="-webkit-line-clamp: 1; overflow: hidden; display: -webkit-box!important; -webkit-box-orient: vertical; min-width: fit-content; width: fit-content"><span style="font-size: 12px; font-weight: normal; color: rgba(118, 134, 149, 1); word-break: break-all; vertical-align: middle">(2,164)</span></div></div></div><div style="display: flex; flex-direction: column; width: 1px; min-width: 1px; align-self: stretch; margin: 0px 0px 16px 0px; background-color: rgba(238, 238, 238, 1)"></div></div><div style="display: flex; flex-direction: row; -webkit-box-sizing: border-box; min-width: fit-content; width: fit-content"><div style="display: flex; flex-direction: column; width: 124px; min-width: 124px; margin: 0px 12px 16px 12px" class="cmg-dco-carousel-item cmg-dco-carousel-product" data-adsplatform="{&quot;viewImpression&quot;: &quot;https://mercury.coupang.com/e.gif?r=3dedfd90-3ac9-11f0-8e76-f307a12aaa53%7E2&amp;templateId=3881&quot;}"><div style="width: 124px; min-width: 124px; height: 124px; min-height: 124px; margin: 0px 0px 8px 0px; overflow: hidden"><img src="https://thumbnail6.coupangcdn.com/thumbnails/remote/292x292q65ex/image/vendor_inventory/00c8/814d3fdc89bf77893c940744348f09489157f87b8046054baa4656706b6f.png" style="vertical-align: top; height: 100%; object-fit: contain;border-radius: 0px 0px 0px 0px;" class="main-image"></div><div style="-webkit-line-clamp: 100; overflow: hidden; display: -webkit-box!important; -webkit-box-orient: vertical; min-width: fit-content; width: fit-content; padding: 0px 0px 6px 0px"><span style="font-size: 12px; font-weight: bold; color: rgba(99, 115, 129, 1); word-break: break-all; vertical-align: middle">무료배송</span></div><div style="-webkit-line-clamp: 2; overflow: hidden; display: -webkit-box!important; -webkit-box-orient: vertical; width: 100%;; margin: 0px 0px 4px 0px"><span style="font-size: 14px; font-weight: normal; color: rgba(33, 43, 54, 1); word-break: break-all; vertical-align: middle" class="product-title">내츄럴바이 최상급 HASS품종 100% 엑스트라버진 아보카도오일, 250ml, 2개</span></div><div style="display: flex; flex-direction: row; -webkit-box-sizing: border-box; min-width: fit-content; width: fit-content; margin: 0px 0px 4px 0px; align-items: center"><div style="-webkit-line-clamp: 1; overflow: hidden; display: -webkit-box!important; -webkit-box-orient: vertical; min-width: fit-content; width: fit-content; margin: 0px 4px 0px 0px"><span style="font-size: 14px; font-weight: bold; color: rgba(203, 20, 0, 1); word-break: break-all; vertical-align: middle">20,900원</span></div></div><div style="display: flex; flex-direction: column; min-width: fit-content; width: fit-content; margin: 0px 0px 4px 0px"></div><div style="display: flex; flex-direction: row; -webkit-box-sizing: border-box; min-width: fit-content; width: fit-content"><div style="display: flex; flex-direction: row; -webkit-box-sizing: border-box; min-width: fit-content; width: fit-content; height: 16px; min-height: 16px; padding: 0px 4px 1px 4px; margin: 0px 0px 6px 0px; background-color: rgba(225, 39, 5, 1); border-radius: 4px 4px 4px 4px; align-items: center"><div style="-webkit-line-clamp: 1; overflow: hidden; display: -webkit-box!important; -webkit-box-orient: vertical; min-width: fit-content; width: fit-content; margin: 0px 2px 0px 0px"><span style="font-size: 11px; font-weight: bold; color: rgba(255, 255, 255, 1); word-break: break-all; vertical-align: middle">47%</span></div><div style="-webkit-line-clamp: 1; overflow: hidden; display: -webkit-box!important; -webkit-box-orient: vertical; min-width: fit-content; width: fit-content"><span style="font-size: 11px; font-weight: bold; color: rgba(255, 255, 255, 1); word-break: break-all; vertical-align: middle">할인</span></div></div></div><div style="display: flex; flex-direction: row; -webkit-box-sizing: border-box; min-width: fit-content; width: fit-content; align-items: flex-end"><div style="display: flex; min-width: fit-content; width: fit-content; height: 13px; min-height: 13px; margin: 0px 2px 0px 0px"><span style="display: block; background-image: url(//static.coupangcdn.com/image/cmg/common/rating-star/RDS.png); background-repeat: no-repeat; width: 60px; height: 12px; background-size: 60px 24px; background-position: 0 -12px"><em style="display: block; background-image: url(//static.coupangcdn.com/image/cmg/common/rating-star/RDS.png); background-repeat: no-repeat; width: 100%; height: 12px; background-size: 60px 24px; background-position: 0 0"></em></span></div><div style="-webkit-line-clamp: 1; overflow: hidden; display: -webkit-box!important; -webkit-box-orient: vertical; min-width: fit-content; width: fit-content"><span style="font-size: 12px; font-weight: normal; color: rgba(118, 134, 149, 1); word-break: break-all; vertical-align: middle">(415)</span></div></div></div><div style="display: flex; flex-direction: column; width: 1px; min-width: 1px; align-self: stretch; margin: 0px 0px 16px 0px; background-color: rgba(238, 238, 238, 1)"></div></div><div style="display: flex; flex-direction: row; -webkit-box-sizing: border-box; min-width: fit-content; width: fit-content"><div style="display: flex; flex-direction: column; width: 124px; min-width: 124px; margin: 0px 12px 16px 12px" class="cmg-dco-carousel-item cmg-dco-carousel-product" data-adsplatform="{&quot;viewImpression&quot;: &quot;https://mercury.coupang.com/e.gif?r=3dedfd90-3ac9-11f0-a749-1805eac1e465%7E2&amp;templateId=3881&quot;}"><div style="width: 124px; min-width: 124px; height: 124px; min-height: 124px; margin: 0px 0px 8px 0px; overflow: hidden"><img src="https://thumbnail14.coupangcdn.com/thumbnails/remote/292x292q65ex/image/vendor_inventory/c9f4/ef3d55d4323e1b99dead5fc5d8ee0389cdce8a774369c75ae0cea1d75335.jpg" style="vertical-align: top; height: 100%; object-fit: contain;border-radius: 0px 0px 0px 0px;" class="main-image"></div><div style="-webkit-line-clamp: 2; overflow: hidden; display: -webkit-box!important; -webkit-box-orient: vertical; width: 100%;; margin: 0px 0px 4px 0px"><span style="font-size: 14px; font-weight: normal; color: rgba(33, 43, 54, 1); word-break: break-all; vertical-align: middle" class="product-title">오로op 엑스트라버진 올리브오일, 2개, 750ml</span></div><div style="display: flex; flex-direction: row; -webkit-box-sizing: border-box; min-width: fit-content; width: fit-content; margin: 0px 0px 4px 0px; align-items: center"><div style="-webkit-line-clamp: 1; overflow: hidden; display: -webkit-box!important; -webkit-box-orient: vertical; min-width: fit-content; width: fit-content; margin: 0px 4px 0px 0px"><span style="font-size: 14px; font-weight: bold; color: rgba(203, 20, 0, 1); word-break: break-all; vertical-align: middle">185,000원</span></div></div><div style="display: flex; flex-direction: column; min-width: fit-content; width: fit-content; margin: 0px 0px 4px 0px"></div><div style="display: flex; flex-direction: row; -webkit-box-sizing: border-box; min-width: fit-content; width: fit-content"></div><div style="min-width: fit-content; width: fit-content; height: 18px; min-height: 18px; padding: 0px 0px 2px 0px; margin: 0px 2px 0px 0px; overflow: hidden"><img src="http://image9.coupangcdn.com/image/coupang/rds/logo/xxxhdpi/logo_rocket_merchant_medium_v3_r3.png" style="vertical-align: top; height: 100%; object-fit: contain;border-radius: 0px 0px 0px 0px;"></div><div style="display: flex; flex-direction: row; -webkit-box-sizing: border-box; min-width: fit-content; width: fit-content; align-items: flex-end"><div style="display: flex; min-width: fit-content; width: fit-content; height: 13px; min-height: 13px; margin: 0px 2px 0px 0px"><span style="display: block; background-image: url(//static.coupangcdn.com/image/cmg/common/rating-star/RDS.png); background-repeat: no-repeat; width: 60px; height: 12px; background-size: 60px 24px; background-position: 0 -12px"><em style="display: block; background-image: url(//static.coupangcdn.com/image/cmg/common/rating-star/RDS.png); background-repeat: no-repeat; width: 100%; height: 12px; background-size: 60px 24px; background-position: 0 0"></em></span></div><div style="-webkit-line-clamp: 1; overflow: hidden; display: -webkit-box!important; -webkit-box-orient: vertical; min-width: fit-content; width: fit-content"><span style="font-size: 12px; font-weight: normal; color: rgba(118, 134, 149, 1); word-break: break-all; vertical-align: middle">(168)</span></div></div></div><div style="display: flex; flex-direction: column; width: 1px; min-width: 1px; align-self: stretch; margin: 0px 0px 16px 0px; background-color: rgba(238, 238, 238, 1)"></div></div><div style="display: flex; flex-direction: row; -webkit-box-sizing: border-box; min-width: fit-content; width: fit-content"><div style="display: flex; flex-direction: column; width: 124px; min-width: 124px; margin: 0px 12px 16px 12px" class="cmg-dco-carousel-item cmg-dco-carousel-product" data-adsplatform="{&quot;viewImpression&quot;: &quot;https://mercury.coupang.com/e.gif?r=3dee24a0-3ac9-11f0-8366-d773154dc83f%7E2&amp;templateId=3881&quot;}"><div style="width: 124px; min-width: 124px; height: 124px; min-height: 124px; margin: 0px 0px 8px 0px; overflow: hidden"><img src="https://thumbnail15.coupangcdn.com/thumbnails/remote/292x292q65ex/image/vendor_inventory/6fc4/e4255fff2f1a4fba4d5c2312c4186e54040a742a7b325fd9f7285d157656.jpg" style="vertical-align: top; height: 100%; object-fit: contain;border-radius: 0px 0px 0px 0px;" class="main-image"></div><div style="-webkit-line-clamp: 100; overflow: hidden; display: -webkit-box!important; -webkit-box-orient: vertical; min-width: fit-content; width: fit-content; padding: 0px 0px 6px 0px"><span style="font-size: 12px; font-weight: bold; color: rgba(99, 115, 129, 1); word-break: break-all; vertical-align: middle">무료배송</span></div><div style="-webkit-line-clamp: 2; overflow: hidden; display: -webkit-box!important; -webkit-box-orient: vertical; width: 100%;; margin: 0px 0px 4px 0px"><span style="font-size: 14px; font-weight: normal; color: rgba(33, 43, 54, 1); word-break: break-all; vertical-align: middle" class="product-title">유기농 엑스트라버진 올리브오일 10g x 14포 1박스, 14개, 10ml</span></div><div style="display: flex; flex-direction: row; -webkit-box-sizing: border-box; min-width: fit-content; width: fit-content; margin: 0px 0px 4px 0px; align-items: center"><div style="-webkit-line-clamp: 1; overflow: hidden; display: -webkit-box!important; -webkit-box-orient: vertical; min-width: fit-content; width: fit-content; margin: 0px 4px 0px 0px"><span style="font-size: 14px; font-weight: bold; color: rgba(203, 20, 0, 1); word-break: break-all; vertical-align: middle">19,800원</span></div></div><div style="display: flex; flex-direction: column; min-width: fit-content; width: fit-content; margin: 0px 0px 4px 0px"></div><div style="display: flex; flex-direction: row; -webkit-box-sizing: border-box; min-width: fit-content; width: fit-content"></div><div style="display: flex; flex-direction: row; -webkit-box-sizing: border-box; min-width: fit-content; width: fit-content; align-items: flex-end"><div style="display: flex; min-width: fit-content; width: fit-content; height: 13px; min-height: 13px; margin: 0px 2px 0px 0px"><span style="display: block; background-image: url(//static.coupangcdn.com/image/cmg/common/rating-star/RDS.png); background-repeat: no-repeat; width: 60px; height: 12px; background-size: 60px 24px; background-position: 0 -12px"><em style="display: block; background-image: url(//static.coupangcdn.com/image/cmg/common/rating-star/RDS.png); background-repeat: no-repeat; width: 100%; height: 12px; background-size: 60px 24px; background-position: 0 0"></em></span></div><div style="-webkit-line-clamp: 1; overflow: hidden; display: -webkit-box!important; -webkit-box-orient: vertical; min-width: fit-content; width: fit-content"><span style="font-size: 12px; font-weight: normal; color: rgba(118, 134, 149, 1); word-break: break-all; vertical-align: middle">(3)</span></div></div></div><div style="display: flex; flex-direction: column; width: 1px; min-width: 1px; align-self: stretch; margin: 0px 0px 16px 0px; background-color: rgba(238, 238, 238, 1)"></div></div><div style="display: flex; flex-direction: row; -webkit-box-sizing: border-box; min-width: fit-content; width: fit-content"><div style="display: flex; flex-direction: column; width: 124px; min-width: 124px; margin: 0px 12px 16px 12px" class="cmg-dco-carousel-item cmg-dco-carousel-product" data-adsplatform="{&quot;viewImpression&quot;: &quot;https://mercury.coupang.com/e.gif?r=3dee24a0-3ac9-11f0-a3e8-befbed74858d%7E2&amp;templateId=3881&quot;}"><div style="width: 124px; min-width: 124px; height: 124px; min-height: 124px; margin: 0px 0px 8px 0px; overflow: hidden"><img src="https://thumbnail6.coupangcdn.com/thumbnails/remote/292x292q65ex/image/vendor_inventory/61f4/88d80e0160137c1c7362cdb4ebe3cd9132785a9d527208e3017a3c08dc4d.jpg" style="vertical-align: top; height: 100%; object-fit: contain;border-radius: 0px 0px 0px 0px;" class="main-image"></div><div style="-webkit-line-clamp: 100; overflow: hidden; display: -webkit-box!important; -webkit-box-orient: vertical; min-width: fit-content; width: fit-content; padding: 0px 0px 6px 0px"><span style="font-size: 12px; font-weight: bold; color: rgba(99, 115, 129, 1); word-break: break-all; vertical-align: middle">무료배송</span></div><div style="-webkit-line-clamp: 2; overflow: hidden; display: -webkit-box!important; -webkit-box-orient: vertical; width: 100%;; margin: 0px 0px 4px 0px"><span style="font-size: 14px; font-weight: normal; color: rgba(33, 43, 54, 1); word-break: break-all; vertical-align: middle" class="product-title">GNM자연의품격 엑스트라 버진 아보카도 오일, 250ml, 2개</span></div><div style="display: flex; flex-direction: row; -webkit-box-sizing: border-box; min-width: fit-content; width: fit-content; margin: 0px 0px 4px 0px; align-items: center"><div style="-webkit-line-clamp: 1; overflow: hidden; display: -webkit-box!important; -webkit-box-orient: vertical; min-width: fit-content; width: fit-content; margin: 0px 4px 0px 0px"><span style="font-size: 14px; font-weight: bold; color: rgba(203, 20, 0, 1); word-break: break-all; vertical-align: middle">20,170원</span></div></div><div style="display: flex; flex-direction: column; min-width: fit-content; width: fit-content; margin: 0px 0px 4px 0px"></div><div style="display: flex; flex-direction: row; -webkit-box-sizing: border-box; min-width: fit-content; width: fit-content"><div style="display: flex; flex-direction: row; -webkit-box-sizing: border-box; min-width: fit-content; width: fit-content; height: 16px; min-height: 16px; padding: 0px 4px 1px 4px; margin: 0px 0px 6px 0px; background-color: rgba(225, 39, 5, 1); border-radius: 4px 4px 4px 4px; align-items: center"><div style="-webkit-line-clamp: 1; overflow: hidden; display: -webkit-box!important; -webkit-box-orient: vertical; min-width: fit-content; width: fit-content; margin: 0px 2px 0px 0px"><span style="font-size: 11px; font-weight: bold; color: rgba(255, 255, 255, 1); word-break: break-all; vertical-align: middle">3%</span></div><div style="-webkit-line-clamp: 1; overflow: hidden; display: -webkit-box!important; -webkit-box-orient: vertical; min-width: fit-content; width: fit-content"><span style="font-size: 11px; font-weight: bold; color: rgba(255, 255, 255, 1); word-break: break-all; vertical-align: middle">할인</span></div></div></div><div style="display: flex; flex-direction: row; -webkit-box-sizing: border-box; min-width: fit-content; width: fit-content; align-items: flex-end"><div style="display: flex; min-width: fit-content; width: fit-content; height: 13px; min-height: 13px; margin: 0px 2px 0px 0px"><span style="display: block; background-image: url(//static.coupangcdn.com/image/cmg/common/rating-star/RDS.png); background-repeat: no-repeat; width: 60px; height: 12px; background-size: 60px 24px; background-position: 0 -12px"><em style="display: block; background-image: url(//static.coupangcdn.com/image/cmg/common/rating-star/RDS.png); background-repeat: no-repeat; width: 90%; height: 12px; background-size: 60px 24px; background-position: 0 0"></em></span></div><div style="-webkit-line-clamp: 1; overflow: hidden; display: -webkit-box!important; -webkit-box-orient: vertical; min-width: fit-content; width: fit-content"><span style="font-size: 12px; font-weight: normal; color: rgba(118, 134, 149, 1); word-break: break-all; vertical-align: middle">(2,246)</span></div></div></div><div style="display: flex; flex-direction: column; width: 1px; min-width: 1px; align-self: stretch; margin: 0px 0px 16px 0px; background-color: rgba(238, 238, 238, 1)"></div></div><div style="display: flex; flex-direction: row; -webkit-box-sizing: border-box; min-width: fit-content; width: fit-content"><div style="display: flex; flex-direction: column; width: 124px; min-width: 124px; margin: 0px 12px 16px 12px" class="cmg-dco-carousel-item cmg-dco-carousel-product" data-adsplatform="{&quot;viewImpression&quot;: &quot;https://mercury.coupang.com/e.gif?r=3dee24a0-3ac9-11f0-b29e-70f7974f6a7c%7E2&amp;templateId=3881&quot;}"><div style="width: 124px; min-width: 124px; height: 124px; min-height: 124px; margin: 0px 0px 8px 0px; overflow: hidden"><img src="https://thumbnail2.coupangcdn.com/thumbnails/remote/292x292q65ex/image/vendor_inventory/ca3f/18c2b88945bebb91145a8bc6e74755fe3a52e941bfb6f9663d65282a09c5.png" style="vertical-align: top; height: 100%; object-fit: contain;border-radius: 0px 0px 0px 0px;" class="main-image"></div><div style="-webkit-line-clamp: 2; overflow: hidden; display: -webkit-box!important; -webkit-box-orient: vertical; width: 100%;; margin: 0px 0px 4px 0px"><span style="font-size: 14px; font-weight: normal; color: rgba(33, 43, 54, 1); word-break: break-all; vertical-align: middle" class="product-title">시장쏙 시골집 외할머니 참기름, 350ml, 2개</span></div><div style="display: flex; flex-direction: row; -webkit-box-sizing: border-box; min-width: fit-content; width: fit-content; margin: 0px 0px 4px 0px; align-items: center"><div style="-webkit-line-clamp: 1; overflow: hidden; display: -webkit-box!important; -webkit-box-orient: vertical; min-width: fit-content; width: fit-content; margin: 0px 4px 0px 0px"><span style="font-size: 14px; font-weight: bold; color: rgba(203, 20, 0, 1); word-break: break-all; vertical-align: middle">18,960원</span></div></div><div style="display: flex; flex-direction: column; min-width: fit-content; width: fit-content; margin: 0px 0px 4px 0px"></div><div style="display: flex; flex-direction: row; -webkit-box-sizing: border-box; min-width: fit-content; width: fit-content"><div style="display: flex; flex-direction: row; -webkit-box-sizing: border-box; min-width: fit-content; width: fit-content; height: 16px; min-height: 16px; padding: 0px 4px 1px 4px; margin: 0px 0px 6px 0px; background-color: rgba(225, 39, 5, 1); border-radius: 4px 4px 4px 4px; align-items: center"><div style="-webkit-line-clamp: 1; overflow: hidden; display: -webkit-box!important; -webkit-box-orient: vertical; min-width: fit-content; width: fit-content; margin: 0px 2px 0px 0px"><span style="font-size: 11px; font-weight: bold; color: rgba(255, 255, 255, 1); word-break: break-all; vertical-align: middle">22%</span></div><div style="-webkit-line-clamp: 1; overflow: hidden; display: -webkit-box!important; -webkit-box-orient: vertical; min-width: fit-content; width: fit-content"><span style="font-size: 11px; font-weight: bold; color: rgba(255, 255, 255, 1); word-break: break-all; vertical-align: middle">할인</span></div></div></div><div style="min-width: fit-content; width: fit-content; height: 18px; min-height: 18px; padding: 0px 0px 2px 0px; margin: 0px 2px 0px 0px; overflow: hidden"><img src="http://image1.coupangcdn.com/image/coupang/rds/logo/xxxhdpi/logo_rocket_merchant_medium_v3_r3.png" style="vertical-align: top; height: 100%; object-fit: contain;border-radius: 0px 0px 0px 0px;"></div><div style="display: flex; flex-direction: row; -webkit-box-sizing: border-box; min-width: fit-content; width: fit-content; align-items: flex-end"><div style="display: flex; min-width: fit-content; width: fit-content; height: 13px; min-height: 13px; margin: 0px 2px 0px 0px"><span style="display: block; background-image: url(//static.coupangcdn.com/image/cmg/common/rating-star/RDS.png); background-repeat: no-repeat; width: 60px; height: 12px; background-size: 60px 24px; background-position: 0 -12px"><em style="display: block; background-image: url(//static.coupangcdn.com/image/cmg/common/rating-star/RDS.png); background-repeat: no-repeat; width: 90%; height: 12px; background-size: 60px 24px; background-position: 0 0"></em></span></div><div style="-webkit-line-clamp: 1; overflow: hidden; display: -webkit-box!important; -webkit-box-orient: vertical; min-width: fit-content; width: fit-content"><span style="font-size: 12px; font-weight: normal; color: rgba(118, 134, 149, 1); word-break: break-all; vertical-align: middle">(9,999+)</span></div></div></div><div style="display: flex; flex-direction: column; width: 1px; min-width: 1px; align-self: stretch; margin: 0px 0px 16px 0px; background-color: rgba(238, 238, 238, 1)"></div></div><div style="display: flex; flex-direction: row; -webkit-box-sizing: border-box; min-width: fit-content; width: fit-content"><div style="display: flex; flex-direction: column; width: 124px; min-width: 124px; margin: 0px 12px 16px 12px" class="cmg-dco-carousel-item cmg-dco-carousel-product" data-adsplatform="{&quot;viewImpression&quot;: &quot;https://mercury.coupang.com/e.gif?r=3dee24a0-3ac9-11f0-85c3-6300cc9be7fc%7E2&amp;templateId=3881&quot;}"><div style="width: 124px; min-width: 124px; height: 124px; min-height: 124px; margin: 0px 0px 8px 0px; overflow: hidden"><img src="https://thumbnail5.coupangcdn.com/thumbnails/remote/292x292q65ex/image/vendor_inventory/2249/995ec722e5d648cee3c1d6af93691a7b9d7feec19f6d48424158e9b95fb1.jpg" style="vertical-align: top; height: 100%; object-fit: contain;border-radius: 0px 0px 0px 0px;" class="main-image"></div><div style="-webkit-line-clamp: 100; overflow: hidden; display: -webkit-box!important; -webkit-box-orient: vertical; min-width: fit-content; width: fit-content; padding: 0px 0px 6px 0px"><span style="font-size: 12px; font-weight: bold; color: rgba(99, 115, 129, 1); word-break: break-all; vertical-align: middle">무료배송</span></div><div style="-webkit-line-clamp: 2; overflow: hidden; display: -webkit-box!important; -webkit-box-orient: vertical; width: 100%;; margin: 0px 0px 4px 0px"><span style="font-size: 14px; font-weight: normal; color: rgba(33, 43, 54, 1); word-break: break-all; vertical-align: middle" class="product-title">[스크래치상품] 발레마히나 엑스트라버진 올리브오일 750ml, 1개</span></div><div style="display: flex; flex-direction: row; -webkit-box-sizing: border-box; min-width: fit-content; width: fit-content; margin: 0px 0px 4px 0px; align-items: center"><div style="-webkit-line-clamp: 1; overflow: hidden; display: -webkit-box!important; -webkit-box-orient: vertical; min-width: fit-content; width: fit-content; margin: 0px 4px 0px 0px"><span style="font-size: 14px; font-weight: bold; color: rgba(203, 20, 0, 1); word-break: break-all; vertical-align: middle">80,000원</span></div></div><div style="display: flex; flex-direction: column; min-width: fit-content; width: fit-content; margin: 0px 0px 4px 0px"></div><div style="display: flex; flex-direction: row; -webkit-box-sizing: border-box; min-width: fit-content; width: fit-content"></div><div style="display: flex; flex-direction: row; -webkit-box-sizing: border-box; min-width: fit-content; width: fit-content; align-items: flex-end"><div style="display: flex; min-width: fit-content; width: fit-content; height: 13px; min-height: 13px; margin: 0px 2px 0px 0px"><span style="display: block; background-image: url(//static.coupangcdn.com/image/cmg/common/rating-star/RDS.png); background-repeat: no-repeat; width: 60px; height: 12px; background-size: 60px 24px; background-position: 0 -12px"><em style="display: block; background-image: url(//static.coupangcdn.com/image/cmg/common/rating-star/RDS.png); background-repeat: no-repeat; width: 100%; height: 12px; background-size: 60px 24px; background-position: 0 0"></em></span></div><div style="-webkit-line-clamp: 1; overflow: hidden; display: -webkit-box!important; -webkit-box-orient: vertical; min-width: fit-content; width: fit-content"><span style="font-size: 12px; font-weight: normal; color: rgba(118, 134, 149, 1); word-break: break-all; vertical-align: middle">(56)</span></div></div></div><div style="display: flex; flex-direction: column; width: 1px; min-width: 1px; align-self: stretch; margin: 0px 0px 16px 0px; background-color: rgba(238, 238, 238, 1)"></div></div><div style="display: flex; flex-direction: row; -webkit-box-sizing: border-box; min-width: fit-content; width: fit-content"><div style="display: flex; flex-direction: column; width: 124px; min-width: 124px; margin: 0px 12px 16px 12px" class="cmg-dco-carousel-item cmg-dco-carousel-product" data-adsplatform="{&quot;viewImpression&quot;: &quot;https://mercury.coupang.com/e.gif?r=3dee24a0-3ac9-11f0-b15d-d99de3d1fdf3%7E2&amp;templateId=3881&quot;}"><div style="width: 124px; min-width: 124px; height: 124px; min-height: 124px; margin: 0px 0px 8px 0px; overflow: hidden"><img src="https://thumbnail3.coupangcdn.com/thumbnails/remote/292x292q65ex/image/vendor_inventory/6739/e8403cc3392be5092e545b1a9f576648976808c3a47ddc6673cbcde492e3.jpg" style="vertical-align: top; height: 100%; object-fit: contain;border-radius: 0px 0px 0px 0px;" class="main-image"></div><div style="-webkit-line-clamp: 100; overflow: hidden; display: -webkit-box!important; -webkit-box-orient: vertical; min-width: fit-content; width: fit-content; padding: 0px 0px 6px 0px"><span style="font-size: 12px; font-weight: bold; color: rgba(99, 115, 129, 1); word-break: break-all; vertical-align: middle">무료배송</span></div><div style="-webkit-line-clamp: 2; overflow: hidden; display: -webkit-box!important; -webkit-box-orient: vertical; width: 100%;; margin: 0px 0px 4px 0px"><span style="font-size: 14px; font-weight: normal; color: rgba(33, 43, 54, 1); word-break: break-all; vertical-align: middle" class="product-title">친환경 건강에 좋은 유기농 햇 엑스트라버진 올리브오일 500ml 집들이 선물 폴리페놀 올레오칸탈 고함량 토마토향 데오르테가스, 1개</span></div><div style="display: flex; flex-direction: row; -webkit-box-sizing: border-box; min-width: fit-content; width: fit-content; margin: 0px 0px 4px 0px; align-items: center"><div style="-webkit-line-clamp: 1; overflow: hidden; display: -webkit-box!important; -webkit-box-orient: vertical; min-width: fit-content; width: fit-content; margin: 0px 4px 0px 0px"><span style="font-size: 14px; font-weight: bold; color: rgba(203, 20, 0, 1); word-break: break-all; vertical-align: middle">58,500원</span></div></div><div style="display: flex; flex-direction: column; min-width: fit-content; width: fit-content; margin: 0px 0px 4px 0px"></div><div style="display: flex; flex-direction: row; -webkit-box-sizing: border-box; min-width: fit-content; width: fit-content"></div><div style="display: flex; flex-direction: row; -webkit-box-sizing: border-box; min-width: fit-content; width: fit-content; align-items: flex-end"><div style="display: flex; min-width: fit-content; width: fit-content; height: 13px; min-height: 13px; margin: 0px 2px 0px 0px"><span style="display: block; background-image: url(//static.coupangcdn.com/image/cmg/common/rating-star/RDS.png); background-repeat: no-repeat; width: 60px; height: 12px; background-size: 60px 24px; background-position: 0 -12px"><em style="display: block; background-image: url(//static.coupangcdn.com/image/cmg/common/rating-star/RDS.png); background-repeat: no-repeat; width: 90%; height: 12px; background-size: 60px 24px; background-position: 0 0"></em></span></div><div style="-webkit-line-clamp: 1; overflow: hidden; display: -webkit-box!important; -webkit-box-orient: vertical; min-width: fit-content; width: fit-content"><span style="font-size: 12px; font-weight: normal; color: rgba(118, 134, 149, 1); word-break: break-all; vertical-align: middle">(335)</span></div></div></div><div style="display: flex; flex-direction: column; width: 1px; min-width: 1px; align-self: stretch; margin: 0px 0px 16px 0px; background-color: rgba(238, 238, 238, 1)"></div></div><div style="display: flex; flex-direction: row; -webkit-box-sizing: border-box; min-width: fit-content; width: fit-content"><div style="display: flex; flex-direction: column; width: 124px; min-width: 124px; margin: 0px 12px 16px 12px" class="cmg-dco-carousel-item cmg-dco-carousel-product" data-adsplatform="{&quot;viewImpression&quot;: &quot;https://mercury.coupang.com/e.gif?r=3dee24a0-3ac9-11f0-8773-f039aa56e1e4%7E2&amp;templateId=3881&quot;}"><div style="width: 124px; min-width: 124px; height: 124px; min-height: 124px; margin: 0px 0px 8px 0px; overflow: hidden"><img src="https://thumbnail1.coupangcdn.com/thumbnails/remote/292x292q65ex/image/retail/images/75978736252866-50618a85-7e36-46ee-abeb-0113bb9be1f3.jpg" style="vertical-align: top; height: 100%; object-fit: contain;border-radius: 0px 0px 0px 0px;" class="main-image"></div><div style="-webkit-line-clamp: 2; overflow: hidden; display: -webkit-box!important; -webkit-box-orient: vertical; width: 100%;; margin: 0px 0px 4px 0px"><span style="font-size: 14px; font-weight: normal; color: rgba(33, 43, 54, 1); word-break: break-all; vertical-align: middle" class="product-title">마이노멀 알룰로스, 485g, 1개</span></div><div style="display: flex; flex-direction: row; -webkit-box-sizing: border-box; min-width: fit-content; width: fit-content; margin: 0px 0px 4px 0px; align-items: center"><div style="-webkit-line-clamp: 1; overflow: hidden; display: -webkit-box!important; -webkit-box-orient: vertical; min-width: fit-content; width: fit-content; margin: 0px 4px 0px 0px"><span style="font-size: 14px; font-weight: bold; color: rgba(203, 20, 0, 1); word-break: break-all; vertical-align: middle">8,980원</span></div></div><div style="display: flex; flex-direction: column; min-width: fit-content; width: fit-content; margin: 0px 0px 4px 0px"></div><div style="display: flex; flex-direction: row; -webkit-box-sizing: border-box; min-width: fit-content; width: fit-content"></div><div style="min-width: fit-content; width: fit-content; height: 18px; min-height: 18px; padding: 0px 0px 2px 0px; margin: 0px 2px 0px 0px; overflow: hidden"><img src="http://image2.coupangcdn.com/image/badges/falcon/v1/aos/xxxhdpi/rocket_fresh.png" style="vertical-align: top; height: 100%; object-fit: contain;border-radius: 0px 0px 0px 0px;"></div><div style="display: flex; flex-direction: row; -webkit-box-sizing: border-box; min-width: fit-content; width: fit-content; align-items: flex-end"><div style="display: flex; min-width: fit-content; width: fit-content; height: 13px; min-height: 13px; margin: 0px 2px 0px 0px"><span style="display: block; background-image: url(//static.coupangcdn.com/image/cmg/common/rating-star/RDS.png); background-repeat: no-repeat; width: 60px; height: 12px; background-size: 60px 24px; background-position: 0 -12px"><em style="display: block; background-image: url(//static.coupangcdn.com/image/cmg/common/rating-star/RDS.png); background-repeat: no-repeat; width: 100%; height: 12px; background-size: 60px 24px; background-position: 0 0"></em></span></div><div style="-webkit-line-clamp: 1; overflow: hidden; display: -webkit-box!important; -webkit-box-orient: vertical; min-width: fit-content; width: fit-content"><span style="font-size: 12px; font-weight: normal; color: rgba(118, 134, 149, 1); word-break: break-all; vertical-align: middle">(9,999+)</span></div></div></div><div style="display: flex; flex-direction: column; width: 1px; min-width: 1px; align-self: stretch; margin: 0px 0px 16px 0px; background-color: rgba(238, 238, 238, 1)"></div></div><div style="display: flex; flex-direction: row; -webkit-box-sizing: border-box; min-width: fit-content; width: fit-content"><div style="display: flex; flex-direction: column; width: 124px; min-width: 124px; margin: 0px 12px 16px 12px" class="cmg-dco-carousel-item cmg-dco-carousel-product" data-adsplatform="{&quot;viewImpression&quot;: &quot;https://mercury.coupang.com/e.gif?r=3dee24a0-3ac9-11f0-87e9-1b6c6c90e639%7E2&amp;templateId=3881&quot;}"><div style="width: 124px; min-width: 124px; height: 124px; min-height: 124px; margin: 0px 0px 8px 0px; overflow: hidden"><img src="https://thumbnail15.coupangcdn.com/thumbnails/remote/292x292q65ex/image/vendor_inventory/e770/869de0c8bc3433034e04c359135f3129ea8e2054d377b0123519681232de.jpg" style="vertical-align: top; height: 100%; object-fit: contain;border-radius: 0px 0px 0px 0px;" class="main-image"></div><div style="-webkit-line-clamp: 2; overflow: hidden; display: -webkit-box!important; -webkit-box-orient: vertical; width: 100%;; margin: 0px 0px 4px 0px"><span style="font-size: 14px; font-weight: normal; color: rgba(33, 43, 54, 1); word-break: break-all; vertical-align: middle" class="product-title">에르무스 엑스트라버진 올리브오일, 500ml, 1개</span></div><div style="display: flex; flex-direction: row; -webkit-box-sizing: border-box; min-width: fit-content; width: fit-content; margin: 0px 0px 4px 0px; align-items: center"><div style="-webkit-line-clamp: 1; overflow: hidden; display: -webkit-box!important; -webkit-box-orient: vertical; min-width: fit-content; width: fit-content; margin: 0px 4px 0px 0px"><span style="font-size: 14px; font-weight: bold; color: rgba(203, 20, 0, 1); word-break: break-all; vertical-align: middle">72,000원</span></div></div><div style="display: flex; flex-direction: column; min-width: fit-content; width: fit-content; margin: 0px 0px 4px 0px"></div><div style="display: flex; flex-direction: row; -webkit-box-sizing: border-box; min-width: fit-content; width: fit-content"></div><div style="min-width: fit-content; width: fit-content; height: 18px; min-height: 18px; padding: 0px 0px 2px 0px; margin: 0px 2px 0px 0px; overflow: hidden"><img src="http://image13.coupangcdn.com/image/coupang/rds/logo/xxxhdpi/logo_rocket_merchant_medium_v3_r3.png" style="vertical-align: top; height: 100%; object-fit: contain;border-radius: 0px 0px 0px 0px;"></div><div style="display: flex; flex-direction: row; -webkit-box-sizing: border-box; min-width: fit-content; width: fit-content; align-items: flex-end"><div style="display: flex; min-width: fit-content; width: fit-content; height: 13px; min-height: 13px; margin: 0px 2px 0px 0px"><span style="display: block; background-image: url(//static.coupangcdn.com/image/cmg/common/rating-star/RDS.png); background-repeat: no-repeat; width: 60px; height: 12px; background-size: 60px 24px; background-position: 0 -12px"><em style="display: block; background-image: url(//static.coupangcdn.com/image/cmg/common/rating-star/RDS.png); background-repeat: no-repeat; width: 100%; height: 12px; background-size: 60px 24px; background-position: 0 0"></em></span></div><div style="-webkit-line-clamp: 1; overflow: hidden; display: -webkit-box!important; -webkit-box-orient: vertical; min-width: fit-content; width: fit-content"><span style="font-size: 12px; font-weight: normal; color: rgba(118, 134, 149, 1); word-break: break-all; vertical-align: middle">(981)</span></div></div></div><div style="display: flex; flex-direction: column; width: 1px; min-width: 1px; align-self: stretch; margin: 0px 0px 16px 0px; background-color: rgba(238, 238, 238, 1)"></div></div><div style="display: flex; flex-direction: row; -webkit-box-sizing: border-box; min-width: fit-content; width: fit-content"><div style="display: flex; flex-direction: column; width: 124px; min-width: 124px; margin: 0px 12px 16px 12px" class="cmg-dco-carousel-item cmg-dco-carousel-product" data-adsplatform="{&quot;viewImpression&quot;: &quot;https://mercury.coupang.com/e.gif?r=3dee24a0-3ac9-11f0-ac68-bb04f04cf55d%7E2&amp;templateId=3881&quot;}"><div style="width: 124px; min-width: 124px; height: 124px; min-height: 124px; margin: 0px 0px 8px 0px; overflow: hidden"><img src="https://thumbnail2.coupangcdn.com/thumbnails/remote/292x292q65ex/image/rs_quotation_api/ux4yy4bt/22ec9cadc9db43cc905af3e7d09b3d79.png" style="vertical-align: top; height: 100%; object-fit: contain;border-radius: 0px 0px 0px 0px;" class="main-image"></div><div style="-webkit-line-clamp: 2; overflow: hidden; display: -webkit-box!important; -webkit-box-orient: vertical; width: 100%;; margin: 0px 0px 4px 0px"><span style="font-size: 14px; font-weight: normal; color: rgba(33, 43, 54, 1); word-break: break-all; vertical-align: middle" class="product-title">웰트릿 유기농 올리브퀸 스틱 엑스트라 버진 14p, 1개, 140g</span></div><div style="display: flex; flex-direction: row; -webkit-box-sizing: border-box; min-width: fit-content; width: fit-content; margin: 0px 0px 4px 0px; align-items: center"><div style="-webkit-line-clamp: 1; overflow: hidden; display: -webkit-box!important; -webkit-box-orient: vertical; min-width: fit-content; width: fit-content; margin: 0px 4px 0px 0px"><span style="font-size: 14px; font-weight: bold; color: rgba(203, 20, 0, 1); word-break: break-all; vertical-align: middle">15,500원</span></div></div><div style="display: flex; flex-direction: column; min-width: fit-content; width: fit-content; margin: 0px 0px 4px 0px"></div><div style="display: flex; flex-direction: row; -webkit-box-sizing: border-box; min-width: fit-content; width: fit-content"></div><div style="min-width: fit-content; width: fit-content; height: 18px; min-height: 18px; padding: 0px 0px 2px 0px; margin: 0px 2px 0px 0px; overflow: hidden"><img src="http://image12.coupangcdn.com/image/mobile_app/v3/badges/rocket/v3/android/xxxhdpi/rocket_logo.png" style="vertical-align: top; height: 100%; object-fit: contain;border-radius: 0px 0px 0px 0px;"></div><div style="display: flex; flex-direction: row; -webkit-box-sizing: border-box; min-width: fit-content; width: fit-content; align-items: flex-end"><div style="display: flex; min-width: fit-content; width: fit-content; height: 13px; min-height: 13px; margin: 0px 2px 0px 0px"><span style="display: block; background-image: url(//static.coupangcdn.com/image/cmg/common/rating-star/RDS.png); background-repeat: no-repeat; width: 60px; height: 12px; background-size: 60px 24px; background-position: 0 -12px"><em style="display: block; background-image: url(//static.coupangcdn.com/image/cmg/common/rating-star/RDS.png); background-repeat: no-repeat; width: 100%; height: 12px; background-size: 60px 24px; background-position: 0 0"></em></span></div><div style="-webkit-line-clamp: 1; overflow: hidden; display: -webkit-box!important; -webkit-box-orient: vertical; min-width: fit-content; width: fit-content"><span style="font-size: 12px; font-weight: normal; color: rgba(118, 134, 149, 1); word-break: break-all; vertical-align: middle">(270)</span></div></div></div><div style="display: flex; flex-direction: column; width: 1px; min-width: 1px; align-self: stretch; margin: 0px 0px 16px 0px; background-color: rgba(238, 238, 238, 1)"></div></div><div style="display: flex; flex-direction: row; -webkit-box-sizing: border-box; min-width: fit-content; width: fit-content"><div style="display: flex; flex-direction: column; width: 124px; min-width: 124px; margin: 0px 12px 16px 12px" class="cmg-dco-carousel-item cmg-dco-carousel-product" data-adsplatform="{&quot;viewImpression&quot;: &quot;https://mercury.coupang.com/e.gif?r=3dee24a0-3ac9-11f0-8d19-4c8de5d9c77a%7E2&amp;templateId=3881&quot;}"><div style="width: 124px; min-width: 124px; height: 124px; min-height: 124px; margin: 0px 0px 8px 0px; overflow: hidden"><img src="https://thumbnail10.coupangcdn.com/thumbnails/remote/292x292q65ex/image/vendor_inventory/322b/dd280e8df43d7774dfcb88a5176dcfedfbf5eac53de1e1837d91f805c790.jpg" style="vertical-align: top; height: 100%; object-fit: contain;border-radius: 0px 0px 0px 0px;" class="main-image"></div><div style="-webkit-line-clamp: 2; overflow: hidden; display: -webkit-box!important; -webkit-box-orient: vertical; width: 100%;; margin: 0px 0px 4px 0px"><span style="font-size: 14px; font-weight: normal; color: rgba(33, 43, 54, 1); word-break: break-all; vertical-align: middle" class="product-title">시장쏙 저온압착 들기름, 350ml, 1개</span></div><div style="display: flex; flex-direction: row; -webkit-box-sizing: border-box; min-width: fit-content; width: fit-content; margin: 0px 0px 4px 0px; align-items: center"><div style="-webkit-line-clamp: 1; overflow: hidden; display: -webkit-box!important; -webkit-box-orient: vertical; min-width: fit-content; width: fit-content; margin: 0px 4px 0px 0px"><span style="font-size: 14px; font-weight: bold; color: rgba(203, 20, 0, 1); word-break: break-all; vertical-align: middle">13,390원</span></div></div><div style="display: flex; flex-direction: column; min-width: fit-content; width: fit-content; margin: 0px 0px 4px 0px"></div><div style="display: flex; flex-direction: row; -webkit-box-sizing: border-box; min-width: fit-content; width: fit-content"><div style="display: flex; flex-direction: row; -webkit-box-sizing: border-box; min-width: fit-content; width: fit-content; height: 16px; min-height: 16px; padding: 0px 4px 1px 4px; margin: 0px 0px 6px 0px; background-color: rgba(225, 39, 5, 1); border-radius: 4px 4px 4px 4px; align-items: center"><div style="-webkit-line-clamp: 1; overflow: hidden; display: -webkit-box!important; -webkit-box-orient: vertical; min-width: fit-content; width: fit-content; margin: 0px 2px 0px 0px"><span style="font-size: 11px; font-weight: bold; color: rgba(255, 255, 255, 1); word-break: break-all; vertical-align: middle">77%</span></div><div style="-webkit-line-clamp: 1; overflow: hidden; display: -webkit-box!important; -webkit-box-orient: vertical; min-width: fit-content; width: fit-content"><span style="font-size: 11px; font-weight: bold; color: rgba(255, 255, 255, 1); word-break: break-all; vertical-align: middle">할인</span></div></div></div><div style="min-width: fit-content; width: fit-content; height: 18px; min-height: 18px; padding: 0px 0px 2px 0px; margin: 0px 2px 0px 0px; overflow: hidden"><img src="http://image14.coupangcdn.com/image/coupang/rds/logo/xxxhdpi/logo_rocket_merchant_medium_v3_r3.png" style="vertical-align: top; height: 100%; object-fit: contain;border-radius: 0px 0px 0px 0px;"></div><div style="display: flex; flex-direction: row; -webkit-box-sizing: border-box; min-width: fit-content; width: fit-content; align-items: flex-end"><div style="display: flex; min-width: fit-content; width: fit-content; height: 13px; min-height: 13px; margin: 0px 2px 0px 0px"><span style="display: block; background-image: url(//static.coupangcdn.com/image/cmg/common/rating-star/RDS.png); background-repeat: no-repeat; width: 60px; height: 12px; background-size: 60px 24px; background-position: 0 -12px"><em style="display: block; background-image: url(//static.coupangcdn.com/image/cmg/common/rating-star/RDS.png); background-repeat: no-repeat; width: 90%; height: 12px; background-size: 60px 24px; background-position: 0 0"></em></span></div><div style="-webkit-line-clamp: 1; overflow: hidden; display: -webkit-box!important; -webkit-box-orient: vertical; min-width: fit-content; width: fit-content"><span style="font-size: 12px; font-weight: normal; color: rgba(118, 134, 149, 1); word-break: break-all; vertical-align: middle">(4,524)</span></div></div></div><div style="display: flex; flex-direction: column; width: 1px; min-width: 1px; align-self: stretch; margin: 0px 0px 16px 0px; background-color: rgba(238, 238, 238, 1)"></div></div><div style="display: flex; flex-direction: row; -webkit-box-sizing: border-box; min-width: fit-content; width: fit-content"><div style="display: flex; flex-direction: column; width: 124px; min-width: 124px; margin: 0px 12px 16px 12px" class="cmg-dco-carousel-item cmg-dco-carousel-product" data-adsplatform="{&quot;viewImpression&quot;: &quot;https://mercury.coupang.com/e.gif?r=3dee4bb0-3ac9-11f0-91bd-cd6cbf8bf607%7E2&amp;templateId=3881&quot;}"><div style="width: 124px; min-width: 124px; height: 124px; min-height: 124px; margin: 0px 0px 8px 0px; overflow: hidden"><img src="https://thumbnail8.coupangcdn.com/thumbnails/remote/292x292q65ex/image/vendor_inventory/e34c/c9edb9f2d9d12cfad9022c0c73cbd16792ca609907edeba589d035c5d5fe.png" style="vertical-align: top; height: 100%; object-fit: contain;border-radius: 0px 0px 0px 0px;" class="main-image"></div><div style="-webkit-line-clamp: 2; overflow: hidden; display: -webkit-box!important; -webkit-box-orient: vertical; width: 100%;; margin: 0px 0px 4px 0px"><span style="font-size: 14px; font-weight: normal; color: rgba(33, 43, 54, 1); word-break: break-all; vertical-align: middle" class="product-title">바이오플래닛 냉압착 엑스트라버진 유기농 올리브오일, 500ml, 1개</span></div><div style="display: flex; flex-direction: row; -webkit-box-sizing: border-box; min-width: fit-content; width: fit-content; margin: 0px 0px 4px 0px; align-items: center"><div style="-webkit-line-clamp: 1; overflow: hidden; display: -webkit-box!important; -webkit-box-orient: vertical; min-width: fit-content; width: fit-content; margin: 0px 4px 0px 0px"><span style="font-size: 14px; font-weight: bold; color: rgba(203, 20, 0, 1); word-break: break-all; vertical-align: middle">39,000원</span></div></div><div style="display: flex; flex-direction: column; min-width: fit-content; width: fit-content; margin: 0px 0px 4px 0px"></div><div style="display: flex; flex-direction: row; -webkit-box-sizing: border-box; min-width: fit-content; width: fit-content"></div><div style="min-width: fit-content; width: fit-content; height: 18px; min-height: 18px; padding: 0px 0px 2px 0px; margin: 0px 2px 0px 0px; overflow: hidden"><img src="http://image13.coupangcdn.com/image/coupang/rds/logo/xxxhdpi/logo_rocket_merchant_medium_v3_r3.png" style="vertical-align: top; height: 100%; object-fit: contain;border-radius: 0px 0px 0px 0px;"></div><div style="display: flex; flex-direction: row; -webkit-box-sizing: border-box; min-width: fit-content; width: fit-content; align-items: flex-end"><div style="display: flex; min-width: fit-content; width: fit-content; height: 13px; min-height: 13px; margin: 0px 2px 0px 0px"><span style="display: block; background-image: url(//static.coupangcdn.com/image/cmg/common/rating-star/RDS.png); background-repeat: no-repeat; width: 60px; height: 12px; background-size: 60px 24px; background-position: 0 -12px"><em style="display: block; background-image: url(//static.coupangcdn.com/image/cmg/common/rating-star/RDS.png); background-repeat: no-repeat; width: 90%; height: 12px; background-size: 60px 24px; background-position: 0 0"></em></span></div><div style="-webkit-line-clamp: 1; overflow: hidden; display: -webkit-box!important; -webkit-box-orient: vertical; min-width: fit-content; width: fit-content"><span style="font-size: 12px; font-weight: normal; color: rgba(118, 134, 149, 1); word-break: break-all; vertical-align: middle">(137)</span></div></div></div><div style="display: flex; flex-direction: column; width: 1px; min-width: 1px; align-self: stretch; margin: 0px 0px 16px 0px; background-color: rgba(238, 238, 238, 1)"></div></div></div></div></div>

        <li class="product-qna tab-contents__content"><div id="prod-inquiry-list" class="prod-tab">
    <div class="prod-inquiry-list__white-dimmed"></div>
    <div class="prod-inquiry-list">
        <div class="clearFix">
            <h4 class="prod-inquiry-list__title">상품문의</h4>
                <a class="prod-inquiry-list__write-btn" href="javascript:;">문의하기</a>

        </div>
        <div class="prod-inquiry-list__emphasis">
            <ul>
                <li>구매한 상품의 <em>취소/반품은 마이쿠팡 구매내역에서 신청</em> 가능합니다.</li>
                <li>상품문의 및 후기게시판을 통해 취소나 환불, 반품 등은 처리되지 않습니다.</li>
                <li><em>가격, 판매자, 교환/환불 및 배송 등 해당 상품 자체와 관련 없는 문의는 고객센터 내 1:1 문의하기</em>를 이용해주세요.</li>
                <li><em>"해당 상품 자체"와 관계없는 글, 양도, 광고성, 욕설, 비방, 도배 등의 글은 예고 없이 이동, 노출제한, 삭제 등의 조치가 취해질 수 있습니다.</em></li>
                <li>공개 게시판이므로 전화번호, 메일 주소 등 고객님의 소중한 개인정보는 절대 남기지 말아주세요.</li>
            </ul>
        </div>

        <div class="prod-inquiry-notice__container">
</div>

        <div class="prod-inquiry-list__container">

        <div class="azn-qna__search">
  <input class="azn-qna__search__input" name="q" id="qna-search" value="" placeholder="궁금한 내용을 단어나 키워드로 검색하세요." autocomplete="off" maxlength="30">
  <div class="azn-qna__search__btn">
    <img class="azn-qna__search__btn__img" src="//img1a.coupangcdn.com/image/productreview/web/pdp/article/search-btn_v1.png">
  </div>
</div>



    <div class="prod-inquiry-items prod-inquiry-items-search">

            <div class="prod-inquiry-item">
    <em class="prod-inquiry-item__label">질문</em>
    <div class="prod-inquiry-item__wrap">
        <strong class="prod-inquiry-item__author"></strong>
        <div class="prod-inquiry-item__selected-option">500ml | 1개&nbsp;&nbsp;쿠팡 </div>

            <div class="prod-inquiry-item__content prod-inquiry-item__content-search">상품이 정품인지 궁금합니다...</div>


        <div class="prod-inquiry-item__time">2025/05/27 10:35:21</div>
    </div>

        <div class="prod-inquiry-item__reply">
            <i class="prod_inquiry-item__reply__icon"></i>
            <em class="prod-inquiry-item__reply__label">답변</em>
            <div class="prod-inquiry-item__reply__wrap">
                <strong class="prod-inquiry-item__reply__author">[COUPANG]</strong>

                    <div class="prod-inquiry-item__reply__content prod-inquiry-item__reply__content-search">안녕하세요. 올리타리아 엑스트라버진 올리브유, 500ml, 1개 상품은 정품만을 발송해 드리고 있으니 참고하여 이용 부탁드립니다. 감사합니다.</div>

                <div class="prod-inquiry-item__reply__time">2025/05/27 10:37:33</div>
            </div>
        </div>

</div>


            <div class="prod-inquiry-item">
    <em class="prod-inquiry-item__label">질문</em>
    <div class="prod-inquiry-item__wrap">
        <strong class="prod-inquiry-item__author"></strong>
        <div class="prod-inquiry-item__selected-option">500ml | 1개&nbsp;&nbsp;쿠팡 </div>

            <div class="prod-inquiry-item__content prod-inquiry-item__content-search">상품이 정품인지 궁굼합니다....</div>


        <div class="prod-inquiry-item__time">2025/05/27 10:27:49</div>
    </div>

        <div class="prod-inquiry-item__reply">
            <i class="prod_inquiry-item__reply__icon"></i>
            <em class="prod-inquiry-item__reply__label">답변</em>
            <div class="prod-inquiry-item__reply__wrap">
                <strong class="prod-inquiry-item__reply__author">[COUPANG]</strong>

                    <div class="prod-inquiry-item__reply__content prod-inquiry-item__reply__content-search">안녕하세요. 올리타리아 엑스트라버진 올리브유, 1L, 1개 상품은 정품만을 발송해 드리고 있으니 참고하여 이용 부탁드립니다. 감사합니다.</div>

                <div class="prod-inquiry-item__reply__time">2025/05/27 10:36:42</div>
            </div>
        </div>

</div>


            <div class="prod-inquiry-item">
    <em class="prod-inquiry-item__label">질문</em>
    <div class="prod-inquiry-item__wrap">
        <strong class="prod-inquiry-item__author"></strong>
        <div class="prod-inquiry-item__selected-option">1L | 1개&nbsp;&nbsp;엠케이컴퍼니 </div>

            <div class="prod-inquiry-item__content prod-inquiry-item__content-search">유통기한이 도대체 어디나와요</div>


        <div class="prod-inquiry-item__time">2025/05/26 22:19:00</div>
    </div>

        <div class="prod-inquiry-item__reply">
            <i class="prod_inquiry-item__reply__icon"></i>
            <em class="prod-inquiry-item__reply__label">답변</em>
            <div class="prod-inquiry-item__reply__wrap">
                <strong class="prod-inquiry-item__reply__author">엠케이컴퍼니</strong>

                    <div class="prod-inquiry-item__reply__content prod-inquiry-item__reply__content-search">안녕하세요 고객님?
유통기한은 필수표기정보 보기란에 나옵니다
해당제품의 사용기한은 2027. 01. 10일입니다
감사합니다</div>

                <div class="prod-inquiry-item__reply__time">2025/05/26 23:18:03</div>
            </div>
        </div>

</div>


            <div class="prod-inquiry-item">
    <em class="prod-inquiry-item__label">질문</em>
    <div class="prod-inquiry-item__wrap">
        <strong class="prod-inquiry-item__author"></strong>
        <div class="prod-inquiry-item__selected-option">1L | 1개&nbsp;&nbsp;쿠팡 </div>

            <div class="prod-inquiry-item__content prod-inquiry-item__content-search">안녕하세요~공복에 섭취할거라 맛에 예민합니다 그래서 유통기한 긴걸로 배송 부탁드립니다~</div>


        <div class="prod-inquiry-item__time">2025/05/22 08:11:25</div>
    </div>

        <div class="prod-inquiry-item__reply">
            <i class="prod_inquiry-item__reply__icon"></i>
            <em class="prod-inquiry-item__reply__label">답변</em>
            <div class="prod-inquiry-item__reply__wrap">
                <strong class="prod-inquiry-item__reply__author">[COUPANG]</strong>

                    <div class="prod-inquiry-item__reply__content prod-inquiry-item__reply__content-search">안녕하세요 올리타리아 엑스트라버진 올리브유, 1L, 1개 상품은 소비기한(또는 유통기한): 2025-12-12 이거나 그 이후인 상품인 점 상세페이지 내 안내드리고 있으니 참고 부탁드립니다 감사합니다</div>

                <div class="prod-inquiry-item__reply__time">2025/05/22 10:25:45</div>
            </div>
        </div>

</div>


    </div>


        <div class="prod-inquiry-list__expand">
            <button class="prod-inquiry-list__expand__btn" type="button">
                전체보기 <i class="icon-prod-inquiry-more"></i>
            </button>
        </div>



    <script>
        document.dispatchEvent(new CustomEvent("qnaRendered"))
    </script>

</div>

        <div class="prod-report">
            <p class="prod-report__text">판매 부적격 상품 또는 허위과장광고 및 지식재산권을 침해하는 상품의 경우 신고하여 주시기 바랍니다.</p>
            <a href="javascript:;" class="prod-report__button" id="productReport" title="신고하기">신고하기</a>
        </div>
    </div>
</div>
</li>
        <li class="product-etc tab-contents__content etc-new-style">
<h5 class="prod-delivery-return-policy-title">배송정보</h5>


<table class="prod-delivery-return-policy-table">
    <colgroup>
        <col width="150px">
        <col width="340px">
        <col width="150px">
        <col width="*">
    </colgroup>
    <tbody>
    <tr>
        <th>배송방법</th>
        <td>순차배송</td>
            <th rowspan="2">배송비</th>
            <td rowspan="2">
                무료배송<br>- 로켓배송 상품 중 19,800원 이상 구매 시 무료배송<br>- 도서산간 지역 추가비용 없음
            </td>
    </tr>
    <tr>
        <th>묶음배송 여부</th>
        <td>가능</td>
    </tr>
    <tr class="shipping-info-delivery-period">
        <th>배송기간</th>
        <td colspan="3">
            <ul>

                    <li class="prod-delivery-period-contents etc-pdd-info">
                            <span>ㆍ쿠팡친구 배송 지역 : 주문 및 결제 완료 후, 1-2일 이내 도착</span>
                    </li>
                    <li class="prod-delivery-period-contents">
                        ㆍ쿠팡친구 미배송 지역 : 주문 및 결제 완료 후, 2-3일 이내 도착
                        <p class="prod-delivery-period__notice">
                                - 도서 산간 지역 등은 하루가 더 소요될 수 있습니다. 곧 고객님께도 쿠팡친구가 찾아갈 수 있도록 노력하겠습니다
                        </p>
                    </li>
                    <li class="prod-delivery-period-contents">ㆍ천재지변, 물량 수급 변동 등 예외적인 사유 발생 시, 다소 지연될 수 있는 점 양해 부탁드립니다.</li>


            </ul>
        </td>
    </tr>
    </tbody>
</table>

<h5 class="prod-delivery-return-policy-title">교환/반품 안내</h5>

    <ul class="prod-delivery-return-policy-legal-notice">
        <li>
            ㆍ교환/반품에 관한 일반적인 사항은 판매자가 제시사항보다 관계법령이 우선합니다.
            <br>다만, 판매자의 제시사항이 관계법령보다 소비자에게 유리한 경우에는 판매자 제시사항이 적용됩니다.
        </li>
    </ul>
<table class="prod-delivery-return-policy-table">
    <colgroup>
        <col width="160px">
        <col width="*">
    </colgroup>
    <tbody>
    <tr>
        <th>교환/반품 비용</th>
        <td>
            ㆍ와우멤버십 회원: 무료로 반품/교환 가능<br>ㆍ와우멤버십 회원 아닌 경우:<br>1) [총 주문금액] - [반품 상품금액] = 19,800원 미만인 경우 반품비 5,000원<br>2) [총 주문금액] - [반품 상품금액] = 19,800원 이상인 경우 반품비 2,500원
        </td>
    </tr>
    <tr>
        <th>교환/반품 신청 기준일</th>
            <td>
                    <p>ㆍ단순변심에 의한 로켓배송 상품의 교환/반품은 제품 수령 후 30일 이내까지, 교환/반품 제한사항에 해당하지 않는 경우에만 가능 (교환/반품 비용 고객부담)</p>
                <p>ㆍ상품의 내용이 표시·광고의 내용과 다른 경우에는 상품을 수령한 날부터 3개월 이내, 그 사실을 안 날 또는 알 수 있었던 날부터<br>
                    <span class="prod-delivery-return-policy__limit-list__indent">30일 이내에 청약철회 가능</span>
                </p>
            </td>
    </tr>
    </tbody>
</table>


<h5 class="prod-delivery-return-policy-title">교환/반품 제한사항</h5>
<ul class="prod-delivery-return-policy__limit-list">
    <li>ㆍ주문/제작 상품의 경우, 상품의 제작이 이미 진행된 경우</li>
    <li>ㆍ상품 포장을 개봉하여 사용 또는 설치 완료되어 상품의 가치가 훼손된 경우 (단, 내용 확인을 위한 포장 개봉의 경우는 예외)</li>
    <li>ㆍ고객의 사용, 시간경과, 일부 소비에 의하여 상품의 가치가 현저히 감소한 경우</li>
    <li>ㆍ세트상품 일부 사용, 구성품을 분실하였거나 취급 부주의로 인한 파손/고장/오염으로 재판매 불가한 경우</li>
    <li>ㆍ모니터 해상도의 차이로 인해 색상이나 이미지가 실제와 달라, 고객이 단순 변심으로 교환/반품을 무료로 요청하는 경우</li>
    <li>ㆍ제조사의 사정 (신모델 출시 등) 및 부품 가격 변동 등에 의해 무료 교환/반품으로 요청하는 경우</li>
</ul>
<p class="prod-delivery-return-policy__limit-text">※ 각 상품별로 아래와 같은 사유로 취소/반품이 제한될 수 있습니다.</p>
<table class="prod-delivery-return-policy-table">
    <colgroup>
        <col width="150px">
        <col width="*">
    </colgroup>
    <tbody>
        <tr>
            <th>의류/잡화/수입명품</th>
            <td>
                <p>⋅ 상품의 택(TAG) 및 라벨의 멸실 또는 훼손, 상품의 사용 또는 훼손, 구성품 누락으로 상품의 가치가 현저히 감소된 경우</p>
            </td>
        </tr>
        <tr>
            <th>계절상품/식품/화장품</th>
            <td>
                <p>ㆍ신선/냉장/냉동 상품의 단순변심의 경우</p>
                <p>ㆍ뷰티 상품 이용 시 트러블(알러지, 붉은 반점, 가려움, 따가움)이 발생하는 경우,<br>
                    <span class="prod-delivery-return-policy__limit-list__indent">진료 확인서 및 소견서 등을 증빙하면 환불이 가능 (제반비용 고객부담)</span>
                </p>
            </td>
        </tr>
        <tr>
            <th>전자/가전/설치상품</th>
            <td>
                <p>ㆍ설치 또는 사용하여 재판매가 어려운 경우</p>
                <p>ㆍ상품의 시리얼 넘버 유출로 내장된 소프트웨어의 가치가 감소한 경우 (내비게이션, OS시리얼이 적힌 PMP)</p>
                <p>ㆍ홀로그램 등을 분리, 분실, 훼손하여 상품의 가치가 현저히 감소하여 재판매가 불가할 경우 (노트북, 데스크탑 PC 등)</p>
            </td>
        </tr>
        <tr>
            <th>자동차용품</th>
            <td>
                <p>ㆍ상품을 개봉하여 장착한 이후 단순변심인 경우</p>
            </td>
        </tr>
        <tr>
            <th>CD/DVD/GAME/<br>BOOK</th>
            <td>
                <span>ㆍ복제가 가능한 상품의 포장 등을 훼손한 경우</span>
            </td>
        </tr>
    </tbody>
</table>
        <div class="product-item__table product-seller">
            <p class="prod-delivery-return-policy-title">판매자 정보</p>


                <table class="prod-delivery-return-policy-table">
                    <colgroup>
                        <col width="150px">
                        <col width="*">
                    </colgroup>
                    <tbody><tr>
                        <th>판매자</th>
                        <td>
                            쿠팡
                            <a class="prod-delivery-return-policy-table__phone-link" href="tel:+8215777011" target="_blank">1577-7011</a>
                        </td>
                    </tr>
                </tbody></table>

                <p class="prod-minor-notice">
                    미성년자가 체결한 계약은 법정대리인이 동의하지 않는 경우 본인 또는 법정대리인이 취소할 수 있습니다.
                </p>
        </div>
</li>
    </ul>
</div>



    <div id="peopleAlsoBought" style=""><div class="people-also-bought">
    <div class="people-also-bought-inner"><div id="cid_2alil55x6gk_9645230" class="ui-horizontal-pagination-scroller">
    <div class="hps-scroll-inner" style="width: 2580px;">
        <table>
            <tr>
                    <td class="hps-component-mountpoint" key="cid_ix0cin62hdc_9645230" style="width: 2580px;"><div class="ui-recommendation-list">
        <div class="rl-header">
            <h2 class="rl-header__title">다른 고객이 함께 구매한 상품</h2>
        </div>
    <div class="rl-list">
        <ul>
                <li class="rl-item hps-scroll-item " data-index="0">
                    <a target="_blank" href="/vp/products/7973179750?itemId=22090429932&amp;searchId=79bf589925c84fa18fa7c5a0716db64f&amp;vendorItemId=89137431162&amp;sourceType=SDP_BOUGHT_TOGETHER" title="내츄럴스파이스 페페로치노 홀 향신료, 18g, 1개">
                        <div class="rl-item__image-wrap">
                            <img class="rl-item__image" src="//thumbnail9.coupangcdn.com/thumbnails/remote/300x300ex/image/retail/images/707985078823503-5d02d5fb-a50c-4885-95ce-1bc3179399f4.jpg" alt="내츄럴스파이스 페페로치노 홀 향신료, 18g, 1개" onerror="this.src='//t1a.coupangcdn.com/thumbnails/remote/300x300/image/coupang/common/no_img_1000_1000.png'">
                        </div>
                        <strong class="rl-item__title">내츄럴스파이스 페페로치노 홀 향신료, 18g, 1개</strong>
                        <div class="clearFix">
                            <span class="rl-item__price">
                                    <em>5,430</em>원
                            </span>
                                <img class="rl-item__badge" src="https://image7.coupangcdn.com/image/mobile_app/v3/brandsdp/loyalty/pc/rocket-fresh@2x.png">
                        </div>
                            <div class="rl-item__unit-price">
                                (10g당 3,017원)
                            </div>
                            <div class="rl-item__review">
                                <span class="rl-item__review-score-bg">
                                  <span class="rl-item__review-score" style="width: 100%;">
                                    <em>100%</em>
                                  </span>
                                </span>
                                <span class="rl-item__review-count">
                                  (841)
                                </span>
                            </div>
                    </a>
                </li>
                <li class="rl-item hps-scroll-item " data-index="1">
                    <a target="_blank" href="/vp/products/8330803999?itemId=24052252169&amp;searchId=79bf589925c84fa18fa7c5a0716db64f&amp;vendorItemId=91471536591&amp;sourceType=SDP_BOUGHT_TOGETHER" title="푸디 흑후추 그라인더, 50g, 1개">
                        <div class="rl-item__image-wrap">
                            <img class="rl-item__image" src="//thumbnail10.coupangcdn.com/thumbnails/remote/300x300ex/image/vendor_inventory/8601/13aca3d4a9a0c5d09e367c6824a1bcc7c623fc2ddafd1c3947eaaf3df662.jpg" alt="푸디 흑후추 그라인더, 50g, 1개" onerror="this.src='//t1a.coupangcdn.com/thumbnails/remote/300x300/image/coupang/common/no_img_1000_1000.png'">
                        </div>
                        <strong class="rl-item__title">푸디 흑후추 그라인더, 50g, 1개</strong>
                        <div class="clearFix">
                            <span class="rl-item__price">
                                    <em>3,700</em>원
                            </span>
                                <img class="rl-item__badge" src="https://image10.coupangcdn.com/image/badges/rocket/rocket_logo.png">
                        </div>
                            <div class="rl-item__unit-price">
                                (10g당 740원)
                            </div>
                            <div class="rl-item__review">
                                <span class="rl-item__review-score-bg">
                                  <span class="rl-item__review-score" style="width: 100%;">
                                    <em>100%</em>
                                  </span>
                                </span>
                                <span class="rl-item__review-count">
                                  (429)
                                </span>
                            </div>
                    </a>
                </li>
                <li class="rl-item hps-scroll-item " data-index="2">
                    <a target="_blank" href="/vp/products/8415301611?itemId=24335083188&amp;searchId=79bf589925c84fa18fa7c5a0716db64f&amp;vendorItemId=91350646691&amp;sourceType=SDP_BOUGHT_TOGETHER" title="곰곰 크러쉬드 레드페퍼, 100g, 1개">
                        <div class="rl-item__image-wrap">
                            <img class="rl-item__image" src="//thumbnail9.coupangcdn.com/thumbnails/remote/300x300ex/image/retail/images/442063359599573-81852b5b-922b-4936-bf28-ed199fc51ede.jpg" alt="곰곰 크러쉬드 레드페퍼, 100g, 1개" onerror="this.src='//t1a.coupangcdn.com/thumbnails/remote/300x300/image/coupang/common/no_img_1000_1000.png'">
                        </div>
                        <strong class="rl-item__title">곰곰 크러쉬드 레드페퍼, 100g, 1개</strong>
                        <div class="clearFix">
                            <span class="rl-item__price">
                                    <em>5,880</em>원
                            </span>
                                <img class="rl-item__badge" src="https://image10.coupangcdn.com/image/badges/rocket/rocket_logo.png">
                        </div>
                            <div class="rl-item__unit-price">
                                (10g당 588원)
                            </div>
                            <div class="rl-item__review">
                                <span class="rl-item__review-score-bg">
                                  <span class="rl-item__review-score" style="width: 100%;">
                                    <em>100%</em>
                                  </span>
                                </span>
                                <span class="rl-item__review-count">
                                  (591)
                                </span>
                            </div>
                    </a>
                </li>
                <li class="rl-item hps-scroll-item " data-index="3">
                    <a target="_blank" href="/vp/products/7316596075?itemId=18755848677&amp;searchId=79bf589925c84fa18fa7c5a0716db64f&amp;vendorItemId=3000231016&amp;sourceType=SDP_BOUGHT_TOGETHER" title="폰티 발사믹 화이트 식초, 500ml, 1개">
                        <div class="rl-item__image-wrap">
                            <img class="rl-item__image" src="//thumbnail7.coupangcdn.com/thumbnails/remote/300x300ex/image/vendor_inventory/90b4/0d6cc8ddbda04a82ab75740d53349dcbbed488f0a9dc3c6e8d3a16953d3a.jpg" alt="폰티 발사믹 화이트 식초, 500ml, 1개" onerror="this.src='//t1a.coupangcdn.com/thumbnails/remote/300x300/image/coupang/common/no_img_1000_1000.png'">
                        </div>
                        <strong class="rl-item__title">폰티 발사믹 화이트 식초, 500ml, 1개</strong>
                        <div class="clearFix">
                            <span class="rl-item__price">
                                    <em>6,860</em>원
                            </span>
                                <img class="rl-item__badge" src="https://image10.coupangcdn.com/image/badges/rocket/rocket_logo.png">
                        </div>
                            <div class="rl-item__unit-price">
                                (10ml당 137원)
                            </div>
                            <div class="rl-item__review">
                                <span class="rl-item__review-score-bg">
                                  <span class="rl-item__review-score" style="width: 100%;">
                                    <em>100%</em>
                                  </span>
                                </span>
                                <span class="rl-item__review-count">
                                  (3,030)
                                </span>
                            </div>
                    </a>
                </li>
                <li class="rl-item hps-scroll-item " data-index="4">
                    <a target="_blank" href="/vp/products/8167319542?itemId=22355156378&amp;searchId=79bf589925c84fa18fa7c5a0716db64f&amp;vendorItemId=4234191033&amp;sourceType=SDP_BOUGHT_TOGETHER" title="내츄럴스파이스 페페로치노 홀 향신료, 18g, 1개">
                        <div class="rl-item__image-wrap">
                            <img class="rl-item__image" src="//thumbnail9.coupangcdn.com/thumbnails/remote/300x300ex/image/retail/images/707985078823503-5d02d5fb-a50c-4885-95ce-1bc3179399f4.jpg" alt="내츄럴스파이스 페페로치노 홀 향신료, 18g, 1개" onerror="this.src='//t1a.coupangcdn.com/thumbnails/remote/300x300/image/coupang/common/no_img_1000_1000.png'">
                        </div>
                        <strong class="rl-item__title">내츄럴스파이스 페페로치노 홀 향신료, 18g, 1개</strong>
                        <div class="clearFix">
                            <span class="rl-item__price">
                                    <em>5,430</em>원
                            </span>
                                <img class="rl-item__badge" src="https://image10.coupangcdn.com/image/badges/rocket/rocket_logo.png">
                        </div>
                            <div class="rl-item__unit-price">
                                (10g당 3,017원)
                            </div>
                            <div class="rl-item__review">
                                <span class="rl-item__review-score-bg">
                                  <span class="rl-item__review-score" style="width: 100%;">
                                    <em>100%</em>
                                  </span>
                                </span>
                                <span class="rl-item__review-count">
                                  (8,007)
                                </span>
                            </div>
                    </a>
                </li>
                <li class="rl-item hps-scroll-item " data-index="5">
                    <a target="_blank" href="/vp/products/55894?itemId=127570&amp;searchId=79bf589925c84fa18fa7c5a0716db64f&amp;vendorItemId=92468867777&amp;sourceType=SDP_BOUGHT_TOGETHER" title="올리타리아 발사믹 식초, 250ml, 1개">
                        <div class="rl-item__image-wrap">
                            <img class="rl-item__image" src="//thumbnail9.coupangcdn.com/thumbnails/remote/300x300ex/image/vendor_inventory/690b/75bd563935f1ed4b7631fbce74f19c24a9cb000a4388d779385777afa9c0.png" alt="올리타리아 발사믹 식초, 250ml, 1개" onerror="this.src='//t1a.coupangcdn.com/thumbnails/remote/300x300/image/coupang/common/no_img_1000_1000.png'">
                        </div>
                        <strong class="rl-item__title">올리타리아 발사믹 식초, 250ml, 1개</strong>
                        <div class="clearFix">
                            <span class="rl-item__price">
                                    <em>11,040</em>원
                            </span>
                        </div>
                            <div class="rl-item__unit-price">
                                (10ml당 442원)
                            </div>
                            <div class="rl-item__review">
                                <span class="rl-item__review-score-bg">
                                  <span class="rl-item__review-score" style="width: 90%;">
                                    <em>90%</em>
                                  </span>
                                </span>
                                <span class="rl-item__review-count">
                                  (4,263)
                                </span>
                            </div>
                    </a>
                </li>
                <li class="rl-item hps-scroll-item " data-index="6">
                    <a target="_blank" href="/vp/products/8167360545?itemId=15183051084&amp;searchId=79bf589925c84fa18fa7c5a0716db64f&amp;vendorItemId=3000058950&amp;sourceType=SDP_BOUGHT_TOGETHER" title="내츄럴스파이스 파슬리 후레이크, 11g, 1개">
                        <div class="rl-item__image-wrap">
                            <img class="rl-item__image" src="//thumbnail10.coupangcdn.com/thumbnails/remote/300x300ex/image/retail/images/1050921821762277-5e130809-3805-42f5-958b-f1b7260b5ef2.jpg" alt="내츄럴스파이스 파슬리 후레이크, 11g, 1개" onerror="this.src='//t1a.coupangcdn.com/thumbnails/remote/300x300/image/coupang/common/no_img_1000_1000.png'">
                        </div>
                        <strong class="rl-item__title">내츄럴스파이스 파슬리 후레이크, 11g, 1개</strong>
                        <div class="clearFix">
                            <span class="rl-item__price">
                                    <em>2,800</em>원
                            </span>
                                <img class="rl-item__badge" src="https://image10.coupangcdn.com/image/badges/rocket/rocket_logo.png">
                        </div>
                            <div class="rl-item__unit-price">
                                (10g당 2,545원)
                            </div>
                            <div class="rl-item__review">
                                <span class="rl-item__review-score-bg">
                                  <span class="rl-item__review-score" style="width: 100%;">
                                    <em>100%</em>
                                  </span>
                                </span>
                                <span class="rl-item__review-count">
                                  (6,192)
                                </span>
                            </div>
                    </a>
                </li>
                <li class="rl-item hps-scroll-item " data-index="7">
                    <a target="_blank" href="/vp/products/6947899256?itemId=16869924885&amp;searchId=79bf589925c84fa18fa7c5a0716db64f&amp;vendorItemId=76200787406&amp;sourceType=SDP_BOUGHT_TOGETHER" title="foodi 크러쉬드 레드페퍼, 100g, 1개">
                        <div class="rl-item__image-wrap">
                            <img class="rl-item__image" src="//thumbnail8.coupangcdn.com/thumbnails/remote/300x300ex/image/vendor_inventory/17e9/01ecc1b9ef226ea9c20afbc2528de6c29ef823674d3ac7ce86e4575dfbc7.jpg" alt="foodi 크러쉬드 레드페퍼, 100g, 1개" onerror="this.src='//t1a.coupangcdn.com/thumbnails/remote/300x300/image/coupang/common/no_img_1000_1000.png'">
                        </div>
                        <strong class="rl-item__title">foodi 크러쉬드 레드페퍼, 100g, 1개</strong>
                        <div class="clearFix">
                            <span class="rl-item__price">
                                    <em>6,000</em>원
                            </span>
                                <img class="rl-item__badge" src="https://image10.coupangcdn.com/image/badges/rocket/rocket_logo.png">
                        </div>
                            <div class="rl-item__unit-price">
                                (10g당 600원)
                            </div>
                            <div class="rl-item__review">
                                <span class="rl-item__review-score-bg">
                                  <span class="rl-item__review-score" style="width: 90%;">
                                    <em>90%</em>
                                  </span>
                                </span>
                                <span class="rl-item__review-count">
                                  (3,306)
                                </span>
                            </div>
                    </a>
                </li>
                <li class="rl-item hps-scroll-item " data-index="8">
                    <a target="_blank" href="/vp/products/6956890921?itemId=16921740518&amp;searchId=79bf589925c84fa18fa7c5a0716db64f&amp;vendorItemId=3008200366&amp;sourceType=SDP_BOUGHT_TOGETHER" title="폰타나 모데나 발사믹 식초 실버라벨, 250ml, 1개">
                        <div class="rl-item__image-wrap">
                            <img class="rl-item__image" src="//thumbnail6.coupangcdn.com/thumbnails/remote/300x300ex/image/retail/images/1176904928329792-cb9c592f-5ce3-40a7-8822-59f8cac00fe9.jpg" alt="폰타나 모데나 발사믹 식초 실버라벨, 250ml, 1개" onerror="this.src='//t1a.coupangcdn.com/thumbnails/remote/300x300/image/coupang/common/no_img_1000_1000.png'">
                        </div>
                        <strong class="rl-item__title">폰타나 모데나 발사믹 식초 실버라벨, 250ml, 1개</strong>
                        <div class="clearFix">
                            <span class="rl-item__price">
                                    <em>7,400</em>원
                            </span>
                                <img class="rl-item__badge" src="https://image10.coupangcdn.com/image/badges/rocket/rocket_logo.png">
                        </div>
                            <div class="rl-item__unit-price">
                                (10ml당 296원)
                            </div>
                            <div class="rl-item__review">
                                <span class="rl-item__review-score-bg">
                                  <span class="rl-item__review-score" style="width: 100%;">
                                    <em>100%</em>
                                  </span>
                                </span>
                                <span class="rl-item__review-count">
                                  (8,403)
                                </span>
                            </div>
                    </a>
                </li>
                <li class="rl-item hps-scroll-item " data-index="9">
                    <a target="_blank" href="/vp/products/6072397468?itemId=11216979835&amp;searchId=79bf589925c84fa18fa7c5a0716db64f&amp;vendorItemId=70598642817&amp;sourceType=SDP_BOUGHT_TOGETHER" title="폰타나 홀그레인 머스타드, 200g, 1개">
                        <div class="rl-item__image-wrap">
                            <img class="rl-item__image" src="//thumbnail8.coupangcdn.com/thumbnails/remote/300x300ex/image/1025_amir_coupang_oct_80k/7f02/83f54bcf26fd0d0f865db68090d868ae81ce12b8a8873fcf622921b7f9a0.jpg" alt="폰타나 홀그레인 머스타드, 200g, 1개" onerror="this.src='//t1a.coupangcdn.com/thumbnails/remote/300x300/image/coupang/common/no_img_1000_1000.png'">
                        </div>
                        <strong class="rl-item__title">폰타나 홀그레인 머스타드, 200g, 1개</strong>
                        <div class="clearFix">
                            <span class="rl-item__price">
                                    <em>4,980</em>원
                            </span>
                                <img class="rl-item__badge" src="https://image10.coupangcdn.com/image/badges/rocket/rocket_logo.png">
                        </div>
                            <div class="rl-item__unit-price">
                                (100g당 2,490원)
                            </div>
                            <div class="rl-item__review">
                                <span class="rl-item__review-score-bg">
                                  <span class="rl-item__review-score" style="width: 90%;">
                                    <em>90%</em>
                                  </span>
                                </span>
                                <span class="rl-item__review-count">
                                  (6,624)
                                </span>
                            </div>
                    </a>
                </li>
                <li class="rl-item hps-scroll-item " data-index="10">
                    <a target="_blank" href="/vp/products/603164?itemId=176905&amp;searchId=79bf589925c84fa18fa7c5a0716db64f&amp;vendorItemId=3000125363&amp;sourceType=SDP_BOUGHT_TOGETHER" title="드로게리아앤알리멘타리 통흑후추밀, 45g, 1개">
                        <div class="rl-item__image-wrap">
                            <img class="rl-item__image" src="//thumbnail8.coupangcdn.com/thumbnails/remote/300x300ex/image/1025_amir_coupang_oct_80k/a548/d4cdf9ccfc736418706ef577e3baddca5c46bac9574e9b46169f7461a36b.jpg" alt="드로게리아앤알리멘타리 통흑후추밀, 45g, 1개" onerror="this.src='//t1a.coupangcdn.com/thumbnails/remote/300x300/image/coupang/common/no_img_1000_1000.png'">
                        </div>
                        <strong class="rl-item__title">드로게리아앤알리멘타리 통흑후추밀, 45g, 1개</strong>
                        <div class="clearFix">
                            <span class="rl-item__price">
                                    <em>4,190</em>원
                            </span>
                                <img class="rl-item__badge" src="https://image10.coupangcdn.com/image/badges/rocket/rocket_logo.png">
                        </div>
                            <div class="rl-item__unit-price">
                                (10g당 931원)
                            </div>
                            <div class="rl-item__review">
                                <span class="rl-item__review-score-bg">
                                  <span class="rl-item__review-score" style="width: 100%;">
                                    <em>100%</em>
                                  </span>
                                </span>
                                <span class="rl-item__review-count">
                                  (4,178)
                                </span>
                            </div>
                    </a>
                </li>
                <li class="rl-item hps-scroll-item " data-index="11">
                    <a target="_blank" href="/vp/products/6659185467?itemId=15281501157&amp;searchId=79bf589925c84fa18fa7c5a0716db64f&amp;vendorItemId=82501992268&amp;sourceType=SDP_BOUGHT_TOGETHER" title="청정원 쉐프의 치킨스톡, 340g, 1개">
                        <div class="rl-item__image-wrap">
                            <img class="rl-item__image" src="//thumbnail8.coupangcdn.com/thumbnails/remote/300x300ex/image/retail/images/70026292320442-c7dbe5be-55fe-4501-b9c9-5447c0b7250e.jpg" alt="청정원 쉐프의 치킨스톡, 340g, 1개" onerror="this.src='//t1a.coupangcdn.com/thumbnails/remote/300x300/image/coupang/common/no_img_1000_1000.png'">
                        </div>
                        <strong class="rl-item__title">청정원 쉐프의 치킨스톡, 340g, 1개</strong>
                        <div class="clearFix">
                            <span class="rl-item__price">
                                    <em>6,450</em>원
                            </span>
                                <img class="rl-item__badge" src="https://image7.coupangcdn.com/image/mobile_app/v3/brandsdp/loyalty/pc/rocket-fresh@2x.png">
                        </div>
                            <div class="rl-item__unit-price">
                                (10g당 190원)
                            </div>
                            <div class="rl-item__review">
                                <span class="rl-item__review-score-bg">
                                  <span class="rl-item__review-score" style="width: 100%;">
                                    <em>100%</em>
                                  </span>
                                </span>
                                <span class="rl-item__review-count">
                                  (8,172)
                                </span>
                            </div>
                    </a>
                </li>
                <li class="rl-item hps-scroll-item " data-index="12">
                    <a target="_blank" href="/vp/products/41491186?itemId=151055486&amp;searchId=79bf589925c84fa18fa7c5a0716db64f&amp;vendorItemId=3347601960&amp;sourceType=SDP_BOUGHT_TOGETHER" title="보르니에르 홀그레인 머스타드, 210g, 1개">
                        <div class="rl-item__image-wrap">
                            <img class="rl-item__image" src="//thumbnail8.coupangcdn.com/thumbnails/remote/300x300ex/image/1025_amir_coupang_oct_80k/1a34/c7395a57b7969e92afd6ebd58d6eeeb9e70e87e5d277b59bf2eb216c3bfe.jpg" alt="보르니에르 홀그레인 머스타드, 210g, 1개" onerror="this.src='//t1a.coupangcdn.com/thumbnails/remote/300x300/image/coupang/common/no_img_1000_1000.png'">
                        </div>
                        <strong class="rl-item__title">보르니에르 홀그레인 머스타드, 210g, 1개</strong>
                        <div class="clearFix">
                            <span class="rl-item__price">
                                    <em>5,880</em>원
                            </span>
                                <img class="rl-item__badge" src="https://image10.coupangcdn.com/image/badges/rocket/rocket_logo.png">
                        </div>
                            <div class="rl-item__unit-price">
                                (100g당 2,800원)
                            </div>
                            <div class="rl-item__review">
                                <span class="rl-item__review-score-bg">
                                  <span class="rl-item__review-score" style="width: 100%;">
                                    <em>100%</em>
                                  </span>
                                </span>
                                <span class="rl-item__review-count">
                                  (18,118)
                                </span>
                            </div>
                    </a>
                </li>
                <li class="rl-item hps-scroll-item " data-index="13">
                    <a target="_blank" href="/vp/products/7742598330?itemId=20835148336&amp;searchId=79bf589925c84fa18fa7c5a0716db64f&amp;vendorItemId=87902941603&amp;sourceType=SDP_BOUGHT_TOGETHER" title="GAP 한끼 양송이버섯, 80g, 1팩">
                        <div class="rl-item__image-wrap">
                            <img class="rl-item__image" src="//thumbnail6.coupangcdn.com/thumbnails/remote/300x300ex/image/retail/images/3452924514084195-3f537e10-a22e-4c3c-b1ed-e3184360189c.jpg" alt="GAP 한끼 양송이버섯, 80g, 1팩" onerror="this.src='//t1a.coupangcdn.com/thumbnails/remote/300x300/image/coupang/common/no_img_1000_1000.png'">
                        </div>
                        <strong class="rl-item__title">GAP 한끼 양송이버섯, 80g, 1팩</strong>
                        <div class="clearFix">
                            <span class="rl-item__price">
                                    <em>2,590</em>원
                            </span>
                                <img class="rl-item__badge" src="https://image7.coupangcdn.com/image/mobile_app/v3/brandsdp/loyalty/pc/rocket-fresh@2x.png">
                        </div>
                            <div class="rl-item__unit-price">
                                (100g당 3,238원)
                            </div>
                            <div class="rl-item__review">
                                <span class="rl-item__review-score-bg">
                                  <span class="rl-item__review-score" style="width: 100%;">
                                    <em>100%</em>
                                  </span>
                                </span>
                                <span class="rl-item__review-count">
                                  (2,412)
                                </span>
                            </div>
                    </a>
                </li>
                <li class="rl-item hps-scroll-item rl-last-item" data-index="14">
                    <a target="_blank" href="/vp/products/5385073178?itemId=8015303299&amp;searchId=79bf589925c84fa18fa7c5a0716db64f&amp;vendorItemId=75304060756&amp;sourceType=SDP_BOUGHT_TOGETHER" title="국내산 딜, 10g, 1개">
                        <div class="rl-item__image-wrap">
                            <img class="rl-item__image" src="//thumbnail7.coupangcdn.com/thumbnails/remote/300x300ex/image/retail/images/429881907738589-5bee14a9-ea63-4536-a117-434c971bb01f.jpg" alt="국내산 딜, 10g, 1개" onerror="this.src='//t1a.coupangcdn.com/thumbnails/remote/300x300/image/coupang/common/no_img_1000_1000.png'">
                        </div>
                        <strong class="rl-item__title">국내산 딜, 10g, 1개</strong>
                        <div class="clearFix">
                            <span class="rl-item__price">
                                    <em>1,600</em>원
                            </span>
                                <img class="rl-item__badge" src="https://image7.coupangcdn.com/image/mobile_app/v3/brandsdp/loyalty/pc/rocket-fresh@2x.png">
                        </div>
                            <div class="rl-item__unit-price">
                                (10g당 1,600원)
                            </div>
                            <div class="rl-item__review">
                                <span class="rl-item__review-score-bg">
                                  <span class="rl-item__review-score" style="width: 100%;">
                                    <em>100%</em>
                                  </span>
                                </span>
                                <span class="rl-item__review-count">
                                  (12,587)
                                </span>
                            </div>
                    </a>
                </li>
        </ul>
    </div>
</div></td>
            </tr>
        </table>
    </div>
    <div class="hps-pagination-buttons">
        <div class="hps-pagination-buttons__prev" style="cursor: inherit; opacity: 0; display: none;"></div>
        <div class="hps-pagination-buttons__next" style="cursor: pointer; opacity: 1; display: block;"></div>
    </div>
</div></div>
</div></div>


    <div id="prod-clt-or-fbt-recommend" class="prod-ctl-or-fbt-recommend impression-log" data-fodium-widget="desktop/widgets/sdp/CTLorFBTProducts" data-impression-event-name="fbtctl" data-fodium-widget-params="{
                &quot;productId&quot;: &quot;8415084911&quot;,
                &quot;itemId&quot;: &quot;23666716119&quot;,
                &quot;vendorItemId&quot;: &quot;77367783821&quot;,
                &quot;widgetId&quot;: &quot;WIDGET_PC_SDP_002&quot;}" style="display:none;"></div>
    <div id="scItemList" class="sc-item-list-placeholder impression-log" data-impression-event-name="scitem" style="display: none;">
    </div>
    <div id="brandOtherProducts" class="brand-other-products impression-log impression-log-reload" data-impression-event-name="brandshop" style=""><div id="brandshop">
    <h4 class="brandshop-title">
            올리타리아의
         다른 상품들
    </h4>
    <div id="brandshopContent" class="brandshop-content">
            <div class="recommend-item">
                <a href="/vp/products/1252107417?itemId=2251713134&amp;vendorItemId=70244564719" title="올리타리아 엑스트라버진 올리브유 오일, 1L, 1개" data-coulog="{&quot;logCategory&quot;:&quot;event&quot;, &quot;logType&quot;:&quot;click&quot;, &quot;logLabel&quot;:&quot;otherBrand&quot;, &quot;customURL&quot;:&quot;/click_other_brand&quot;,&quot;extraParam&quot;:&quot;page=SDP&amp;type=brandSDP&amp;contents=otherBrand&amp;productId=1252107417&amp;brandName=%EC%98%AC%EB%A6%AC%ED%83%80%EB%A6%AC%EC%95%84&amp;vendorItemId=70244564719&amp;itemId=2251713134&quot;}">
                    <!-- for firefox work onerror event-->
                    <img class="recommend-item__image" src="//thumbnail10.coupangcdn.com/thumbnails/remote/292x292q65ex/image/1025_amir_coupang_oct_80k/f3c5/3acde13b5814e8c04e0179e03ddd58f2eb1b935aaceb2df27bf469ead839.jpg" onerror="this.src='//img1.coupangcdn.com/image/coupang/common/no_img_1000_1000.png'">
                    <div class="recommend-item__title">올리타리아 엑스트라버진 올리브유 오일, 1L, 1개</div>
                    <div class="recommend-item__price-container">
                            <span class="recommend-item__price">
                                27,900원
                            </span>
                    </div>
                        <div class="product-review">
                             <span class="rating-star-container" style="float:left;">
                                    <span class="rating-star-num" style="width: 100%;"></span>
                             </span>
                            <span class="count">(<em>16,084</em>)</span>
                        </div>

                </a>
            </div>
            <div class="recommend-item">
                <a href="/vp/products/1252107417?itemId=11729748411&amp;vendorItemId=79003714978" title="올리타리아 엑스트라버진 올리브유, 500ml, 1개" data-coulog="{&quot;logCategory&quot;:&quot;event&quot;, &quot;logType&quot;:&quot;click&quot;, &quot;logLabel&quot;:&quot;otherBrand&quot;, &quot;customURL&quot;:&quot;/click_other_brand&quot;,&quot;extraParam&quot;:&quot;page=SDP&amp;type=brandSDP&amp;contents=otherBrand&amp;productId=1252107417&amp;brandName=%EC%98%AC%EB%A6%AC%ED%83%80%EB%A6%AC%EC%95%84&amp;vendorItemId=79003714978&amp;itemId=11729748411&quot;}">
                    <!-- for firefox work onerror event-->
                    <img class="recommend-item__image" src="//thumbnail10.coupangcdn.com/thumbnails/remote/292x292q65ex/image/retail/images/295219115869637-7dee1665-a1b2-44c0-be8e-53084fc48f7b.jpg" onerror="this.src='//img1.coupangcdn.com/image/coupang/common/no_img_1000_1000.png'">
                    <div class="recommend-item__title">올리타리아 엑스트라버진 올리브유, 500ml, 1개</div>
                    <div class="recommend-item__price-container">
                            <span class="recommend-item__price">
                                17,000원
                            </span>
                    </div>
                        <div class="product-review">
                             <span class="rating-star-container" style="float:left;">
                                    <span class="rating-star-num" style="width: 100%;"></span>
                             </span>
                            <span class="count">(<em>16,084</em>)</span>
                        </div>

                </a>
            </div>
            <div class="recommend-item">
                <a href="/vp/products/7510904261?itemId=19679738906&amp;vendorItemId=86785139044" title="올리타리아 엑스트라 버진 올리브오일, 250ml, 1개" data-coulog="{&quot;logCategory&quot;:&quot;event&quot;, &quot;logType&quot;:&quot;click&quot;, &quot;logLabel&quot;:&quot;otherBrand&quot;, &quot;customURL&quot;:&quot;/click_other_brand&quot;,&quot;extraParam&quot;:&quot;page=SDP&amp;type=brandSDP&amp;contents=otherBrand&amp;productId=7510904261&amp;brandName=%EC%98%AC%EB%A6%AC%ED%83%80%EB%A6%AC%EC%95%84&amp;vendorItemId=86785139044&amp;itemId=19679738906&quot;}">
                    <!-- for firefox work onerror event-->
                    <img class="recommend-item__image" src="//thumbnail7.coupangcdn.com/thumbnails/remote/292x292q65ex/image/1025_amir_coupang_oct_80k/8c87/d2dd23de56886f4e3425f71c4030b2b78cf5d16bd712b08a5d040fe72de2.jpg" onerror="this.src='//img1.coupangcdn.com/image/coupang/common/no_img_1000_1000.png'">
                    <div class="recommend-item__title">올리타리아 엑스트라 버진 올리브오일, 250ml, 1개</div>
                    <div class="recommend-item__price-container">
                            <span class="recommend-item__price">
                                11,900원
                            </span>
                    </div>
                        <div class="product-review">
                             <span class="rating-star-container" style="float:left;">
                                    <span class="rating-star-num" style="width: 100%;"></span>
                             </span>
                            <span class="count">(<em>1,119</em>)</span>
                        </div>

                </a>
            </div>
            <div class="recommend-item">
                <a href="/vp/products/6960003161?itemId=18916887199&amp;vendorItemId=86044104232" title="올리타리아 유기농 엑스트라버진 올리브유, 500ml, 1개" data-coulog="{&quot;logCategory&quot;:&quot;event&quot;, &quot;logType&quot;:&quot;click&quot;, &quot;logLabel&quot;:&quot;otherBrand&quot;, &quot;customURL&quot;:&quot;/click_other_brand&quot;,&quot;extraParam&quot;:&quot;page=SDP&amp;type=brandSDP&amp;contents=otherBrand&amp;productId=6960003161&amp;brandName=%EC%98%AC%EB%A6%AC%ED%83%80%EB%A6%AC%EC%95%84&amp;vendorItemId=86044104232&amp;itemId=18916887199&quot;}">
                    <!-- for firefox work onerror event-->
                    <img class="recommend-item__image" src="//thumbnail7.coupangcdn.com/thumbnails/remote/292x292q65ex/image/1025_amir_coupang_oct_80k/1649/7649ba8e7c7efc220108e05a284c21d12457220687d99314585d9db8c66f.jpg" onerror="this.src='//img1.coupangcdn.com/image/coupang/common/no_img_1000_1000.png'">
                    <div class="recommend-item__title">올리타리아 유기농 엑스트라버진 올리브유, 500ml, 1개</div>
                    <div class="recommend-item__price-container">
                            <span class="recommend-item__price">
                                17,900원
                            </span>
                            <div class="recommend-item__badge">
                                <img src="https://image10.coupangcdn.com/image/badges/rocket/rocket_logo.png" style="width: auto; height: 14px;">
                            </div>
                    </div>
                        <div class="product-review">
                             <span class="rating-star-container" style="float:left;">
                                    <span class="rating-star-num" style="width: 100%;"></span>
                             </span>
                            <span class="count">(<em>1,540</em>)</span>
                        </div>

                </a>
            </div>

        <div class="brandshop-info impression-log" data-brand-name="올리타리아" data-impression-event-name="brandshop">
            <div class="brandshop-info-wrapper">
                    <a href="/np/products/brand-shop?brandName=%EC%98%AC%EB%A6%AC%ED%83%80%EB%A6%AC%EC%95%84" id="brandshop-link" data-coulog="{&quot;logCategory&quot;:&quot;event&quot;, &quot;logType&quot;:&quot;click&quot;, &quot;logLabel&quot;:&quot;brandShop&quot;, &quot;customURL&quot;:&quot;/click_sdp_brand_shop_banner&quot;, &quot;extraParam&quot;:&quot;page=SDP&amp;type=brandSDP&amp;contents=brandShop&amp;productId=&amp;itemId=&amp;vendorItemId=&amp;brandName=&quot;}">
                        <div class="brandshop-info__image">
                            <img class="recommend-item__image" src="//image8.coupangcdn.com/image/brandLogo/brandLogo_c3345107-633d-40eb-af76-ae383b5ace03.jpg" alt="올리타리아">
                        </div>

                        <h4 class="brandshop-info__title"><span>올리타리아</span></h4>
                            <div class="brandshop-info__subtitle">같은 브랜드 상품을 한곳에서 모아볼 수 있어요!</div>
                        <div class="branshop-info__total">총 <span class="brandshop-info__total--txt">796</span> 개</div>
                            <span class="brand-shop-info__more">브랜드샵 구경할까요?</span>
                        </a>

            </div>
        </div>
    </div>
</div>

</div>


<div id="sdpBottomAds" class="sdp-ads impression-log" data-impression-event-name="sdp-bottom-ads" style=""><div class="recommendation">
    <div class="recommendation-header"><div class="recommendation-header">
    <div class="recommendation-header__title">연관 추천 상품</div>
            <span class="recommendation-header__description">광고<i class="recommendation-header__description-icon"></i></span>
            <span class="recommendation-header__description-icon-tooltip">쿠팡으로부터 광고 서비스를 구매한 제휴업체의 판매상품입니다.</span>
</div>
</div>
    <div class="recommendation-inner"><div id="cid_rh9u7ct4ps_9645221" class="ui-horizontal-pagination-scroller">
    <div class="hps-scroll-inner" style="width: 3450px;">
        <table>
            <tr>
                    <td class="hps-component-mountpoint" key="cid_kh6djkk1eb_9645221" style="width: 3450px;"><div class="ui-recommendation-list">
    <div class="rl-list">
        <ul>
                <li class="rl-item hps-scroll-item " data-index="0">
                    <a target="_blank" href="/vp/products/5280771186?itemId=14512454630&amp;searchId=0ec8ef947ac94a6dbbbc03ffaf6f54e1&amp;vendorItemId=86216452957&amp;sourceType=SDP_BOTTOM_ADS&amp;clickEventId=3de5c030-3ac9-11f0-8139-84129f336f4c" title="스페인 알파라마야 엑스트라버진 냉압착 올리브오일 500ml, 4개">
                        <div class="rl-item__image-wrap">
                            <img class="rl-item__image" src="//thumbnail10.coupangcdn.com/thumbnails/remote/300x300ex/image/vendor_inventory/a4ef/10f759e1c1517ca2029dbf5f4ed77e738361f85c0ea2d1006907e1ebe238.jpg" alt="스페인 알파라마야 엑스트라버진 냉압착 올리브오일 500ml, 4개" onerror="this.src='//t1a.coupangcdn.com/thumbnails/remote/300x300/image/coupang/common/no_img_1000_1000.png'">
                        </div>
                        <strong class="rl-item__title">스페인 알파라마야 엑스트라버진 냉압착 올리브오일 500ml, 4개</strong>
                        <div class="clearFix">
                            <span class="rl-item__price">
                                    <em>118,300</em>원
                            </span>
                        </div>
                            <div class="rl-item__unit-price">
                                (100ml당 5,915원)
                            </div>
                            <div class="rl-item__review">
                                <span class="rl-item__review-score-bg">
                                  <span class="rl-item__review-score" style="width: 100%;">
                                    <em>100%</em>
                                  </span>
                                </span>
                                <span class="rl-item__review-count">
                                  (464)
                                </span>
                            </div>
                    </a>
                </li>
                <li class="rl-item hps-scroll-item " data-index="1">
                    <a target="_blank" href="/vp/products/8229297500?itemId=23678541268&amp;searchId=0ec8ef947ac94a6dbbbc03ffaf6f54e1&amp;vendorItemId=90633666695&amp;sourceType=SDP_BOTTOM_ADS&amp;clickEventId=3de5c030-3ac9-11f0-a78d-01be213d0a9f" title="엘릭시르 엑스트라버진 올리브오일 (에어캡포장), 2개, 500ml">
                        <div class="rl-item__image-wrap">
                            <img class="rl-item__image" src="//thumbnail6.coupangcdn.com/thumbnails/remote/300x300ex/image/vendor_inventory/dd33/30a7510b5f3d2ff5fd7e48015dbfb4c84dded0ebbd27465efa066e8ed0ab.png" alt="엘릭시르 엑스트라버진 올리브오일 (에어캡포장), 2개, 500ml" onerror="this.src='//t1a.coupangcdn.com/thumbnails/remote/300x300/image/coupang/common/no_img_1000_1000.png'">
                        </div>
                        <strong class="rl-item__title">엘릭시르 엑스트라버진 올리브오일 (에어캡포장), 2개, 500ml</strong>
                        <div class="clearFix">
                            <span class="rl-item__price">
                                    <em>133,190</em>원
                            </span>
                        </div>
                            <div class="rl-item__unit-price">
                                (100ml당 13,319원)
                            </div>
                            <div class="rl-item__review">
                                <span class="rl-item__review-score-bg">
                                  <span class="rl-item__review-score" style="width: 100%;">
                                    <em>100%</em>
                                  </span>
                                </span>
                                <span class="rl-item__review-count">
                                  (7)
                                </span>
                            </div>
                    </a>
                </li>
                <li class="rl-item hps-scroll-item " data-index="2">
                    <a target="_blank" href="/vp/products/8588569602?itemId=24477984689&amp;searchId=0ec8ef947ac94a6dbbbc03ffaf6f54e1&amp;vendorItemId=92095741438&amp;sourceType=SDP_BOTTOM_ADS&amp;clickEventId=3de5c030-3ac9-11f0-9ebb-a97d52011800" title="코린토 그리스 올리브오일 엑스트라 버진 폴리페놀 공복 선물세트, 1개, 500ml">
                        <div class="rl-item__image-wrap">
                            <img class="rl-item__image" src="//thumbnail10.coupangcdn.com/thumbnails/remote/300x300ex/image/vendor_inventory/4b72/9762cd712dd3af14b6ed7deddf75928b229bd73e581bdc9966832fab2572.jpg" alt="코린토 그리스 올리브오일 엑스트라 버진 폴리페놀 공복 선물세트, 1개, 500ml" onerror="this.src='//t1a.coupangcdn.com/thumbnails/remote/300x300/image/coupang/common/no_img_1000_1000.png'">
                        </div>
                        <strong class="rl-item__title">코린토 그리스 올리브오일 엑스트라 버진 폴리페놀 공복 선물세트, 1개, 500ml</strong>
                        <div class="clearFix">
                            <span class="rl-item__price">
                                    <em>58,990</em>원
                            </span>
                                <img class="rl-item__badge" src="https://image7.coupangcdn.com/image/coupang/rds/logo/iphone_2x/logoRocketMerchantLargeV3R3@2x.png">
                        </div>
                            <div class="rl-item__unit-price">
                                (100ml당 11,798원)
                            </div>
                            <div class="rl-item__review">
                                <span class="rl-item__review-score-bg">
                                  <span class="rl-item__review-score" style="width: 100%;">
                                    <em>100%</em>
                                  </span>
                                </span>
                                <span class="rl-item__review-count">
                                  (170)
                                </span>
                            </div>
                    </a>
                </li>
                <li class="rl-item hps-scroll-item " data-index="3">
                    <a target="_blank" href="/vp/products/8769248320?itemId=25557720944&amp;searchId=0ec8ef947ac94a6dbbbc03ffaf6f54e1&amp;vendorItemId=92549081524&amp;sourceType=SDP_BOTTOM_ADS&amp;clickEventId=3de5c030-3ac9-11f0-be45-6ca138ad1eaa" title="나티아 HLB제약 유기농 엑스트라버진 올리브오일 100%, 1개, 300g">
                        <div class="rl-item__image-wrap">
                            <img class="rl-item__image" src="//thumbnail9.coupangcdn.com/thumbnails/remote/300x300ex/image/retail/images/2025/05/19/12/6/5b557b19-2c82-419b-ae85-21d2373258a9.jpg" alt="나티아 HLB제약 유기농 엑스트라버진 올리브오일 100%, 1개, 300g" onerror="this.src='//t1a.coupangcdn.com/thumbnails/remote/300x300/image/coupang/common/no_img_1000_1000.png'">
                        </div>
                        <strong class="rl-item__title">나티아 HLB제약 유기농 엑스트라버진 올리브오일 100%, 1개, 300g</strong>
                        <div class="clearFix">
                            <span class="rl-item__price">
                                    <em>29,000</em>원
                            </span>
                                <img class="rl-item__badge" src="https://image10.coupangcdn.com/image/badges/rocket/rocket_logo.png">
                        </div>
                            <div class="rl-item__unit-price">
                                (100g당 9,667원)
                            </div>
                            <div class="rl-item__review">
                                <span class="rl-item__review-score-bg">
                                  <span class="rl-item__review-score" style="width: 100%;">
                                    <em>100%</em>
                                  </span>
                                </span>
                                <span class="rl-item__review-count">
                                  (85)
                                </span>
                            </div>
                    </a>
                </li>
                <li class="rl-item hps-scroll-item " data-index="4">
                    <a target="_blank" href="/vp/products/8215197054?itemId=23595682131&amp;searchId=0ec8ef947ac94a6dbbbc03ffaf6f54e1&amp;vendorItemId=90621536136&amp;sourceType=SDP_BOTTOM_ADS&amp;clickEventId=3de5c030-3ac9-11f0-8c66-31af03a96a9e" title="안세스트랄 페나루나 엑스트라버진 올리브오일 (에어캡포장), 2개, 500ml">
                        <div class="rl-item__image-wrap">
                            <img class="rl-item__image" src="//thumbnail8.coupangcdn.com/thumbnails/remote/300x300ex/image/vendor_inventory/030b/72d13aacfb3db4de05ec8bc84adcf5e5360b028cabab36fc66db4c49057b.png" alt="안세스트랄 페나루나 엑스트라버진 올리브오일 (에어캡포장), 2개, 500ml" onerror="this.src='//t1a.coupangcdn.com/thumbnails/remote/300x300/image/coupang/common/no_img_1000_1000.png'">
                        </div>
                        <strong class="rl-item__title">안세스트랄 페나루나 엑스트라버진 올리브오일 (에어캡포장), 2개, 500ml</strong>
                        <div class="clearFix">
                            <span class="rl-item__price">
                                    <em>168,000</em>원
                            </span>
                        </div>
                            <div class="rl-item__unit-price">
                                (100ml당 16,800원)
                            </div>
                            <div class="rl-item__review">
                                <span class="rl-item__review-score-bg">
                                  <span class="rl-item__review-score" style="width: 100%;">
                                    <em>100%</em>
                                  </span>
                                </span>
                                <span class="rl-item__review-count">
                                  (30)
                                </span>
                            </div>
                    </a>
                </li>
                <li class="rl-item hps-scroll-item " data-index="5">
                    <a target="_blank" href="/vp/products/7490204483?itemId=24618357283&amp;searchId=0ec8ef947ac94a6dbbbc03ffaf6f54e1&amp;vendorItemId=88254702811&amp;sourceType=SDP_BOTTOM_ADS&amp;clickEventId=3de5c030-3ac9-11f0-b400-996bbd4e36b6" title="파르키오니 포도씨유 1L*3병 (안전포장), 1L, 3세트">
                        <div class="rl-item__image-wrap">
                            <img class="rl-item__image" src="//thumbnail9.coupangcdn.com/thumbnails/remote/300x300ex/image/vendor_inventory/4685/e6e0d05186228eacce2fdcb7f1f9ca5848eb5accdce1f29e49c044eeeb3c.jpg" alt="파르키오니 포도씨유 1L*3병 (안전포장), 1L, 3세트" onerror="this.src='//t1a.coupangcdn.com/thumbnails/remote/300x300/image/coupang/common/no_img_1000_1000.png'">
                        </div>
                        <strong class="rl-item__title">파르키오니 포도씨유 1L*3병 (안전포장), 1L, 3세트</strong>
                        <div class="clearFix">
                            <span class="rl-item__price">
                                    <em>37,900</em>원
                            </span>
                        </div>
                            <div class="rl-item__unit-price">
                                (100ml당 1,263원)
                            </div>
                            <div class="rl-item__review">
                                <span class="rl-item__review-score-bg">
                                  <span class="rl-item__review-score" style="width: 100%;">
                                    <em>100%</em>
                                  </span>
                                </span>
                                <span class="rl-item__review-count">
                                  (100)
                                </span>
                            </div>
                    </a>
                </li>
                <li class="rl-item hps-scroll-item " data-index="6">
                    <a target="_blank" href="/vp/products/8708302993?itemId=25288984215&amp;searchId=0ec8ef947ac94a6dbbbc03ffaf6f54e1&amp;vendorItemId=92284453508&amp;sourceType=SDP_BOTTOM_ADS&amp;clickEventId=3de5e740-3ac9-11f0-9af7-ccd75a81da10" title="공복 다이어트 하루 유기농 100% 엑스트라버진 냉압착 올리브오일 아침공복 스틱, 1박스, 150ml">
                        <div class="rl-item__image-wrap">
                            <img class="rl-item__image" src="//thumbnail10.coupangcdn.com/thumbnails/remote/300x300ex/image/vendor_inventory/d87f/826505f53d7b6857ba4d64010ee97ff1e9f175ab2314e62eeeb0fd096196.png" alt="공복 다이어트 하루 유기농 100% 엑스트라버진 냉압착 올리브오일 아침공복 스틱, 1박스, 150ml" onerror="this.src='//t1a.coupangcdn.com/thumbnails/remote/300x300/image/coupang/common/no_img_1000_1000.png'">
                        </div>
                        <strong class="rl-item__title">공복 다이어트 하루 유기농 100% 엑스트라버진 냉압착 올리브오일 아침공복 스틱, 1박스, 150ml</strong>
                        <div class="clearFix">
                            <span class="rl-item__price">
                                    <em>20,900</em>원
                            </span>
                        </div>
                            <div class="rl-item__unit-price">
                                (100ml당 13,933원)
                            </div>
                            <div class="rl-item__review">
                                <span class="rl-item__review-score-bg">
                                  <span class="rl-item__review-score" style="width: 100%;">
                                    <em>100%</em>
                                  </span>
                                </span>
                                <span class="rl-item__review-count">
                                  (4)
                                </span>
                            </div>
                    </a>
                </li>
                <li class="rl-item hps-scroll-item " data-index="7">
                    <a target="_blank" href="/vp/products/8254072808?itemId=23767385743&amp;searchId=0ec8ef947ac94a6dbbbc03ffaf6f54e1&amp;vendorItemId=91134718352&amp;sourceType=SDP_BOTTOM_ADS&amp;clickEventId=3de5e740-3ac9-11f0-befc-4b233e3f64ce" title="물 한방울 넣지 않은 진짜 자연비책 유기농레몬즙, 30개, 25g, 25ml">
                        <div class="rl-item__image-wrap">
                            <img class="rl-item__image" src="//thumbnail9.coupangcdn.com/thumbnails/remote/300x300ex/image/vendor_inventory/0e9a/b1179c6024c76b2c640fcc516989c5d21e60233828a01e7b8be55f185b1c.jpg" alt="물 한방울 넣지 않은 진짜 자연비책 유기농레몬즙, 30개, 25g, 25ml" onerror="this.src='//t1a.coupangcdn.com/thumbnails/remote/300x300/image/coupang/common/no_img_1000_1000.png'">
                        </div>
                        <strong class="rl-item__title">물 한방울 넣지 않은 진짜 자연비책 유기농레몬즙, 30개, 25g, 25ml</strong>
                        <div class="clearFix">
                            <span class="rl-item__price">
                                    <em>18,000</em>원
                            </span>
                                <img class="rl-item__badge" src="https://image7.coupangcdn.com/image/coupang/rds/logo/iphone_2x/logoRocketMerchantLargeV3R3@2x.png">
                        </div>
                            <div class="rl-item__unit-price">
                                (100ml당 2,400원)
                            </div>
                            <div class="rl-item__review">
                                <span class="rl-item__review-score-bg">
                                  <span class="rl-item__review-score" style="width: 90%;">
                                    <em>90%</em>
                                  </span>
                                </span>
                                <span class="rl-item__review-count">
                                  (2,125)
                                </span>
                            </div>
                    </a>
                </li>
                <li class="rl-item hps-scroll-item " data-index="8">
                    <a target="_blank" href="/vp/products/1294553861?itemId=437217744&amp;searchId=0ec8ef947ac94a6dbbbc03ffaf6f54e1&amp;vendorItemId=91728043057&amp;sourceType=SDP_BOTTOM_ADS&amp;clickEventId=3de5e740-3ac9-11f0-97e8-e55ad54ff2e2" title="브루아오로 올리브 오일, 750ml, 2개">
                        <div class="rl-item__image-wrap">
                            <img class="rl-item__image" src="//thumbnail10.coupangcdn.com/thumbnails/remote/300x300ex/image/vendor_inventory/d9b0/2f4dbb0c2f2e0a3677315205957e94aa2a34fdd7580c8c76b7327c6d7d92.jpg" alt="브루아오로 올리브 오일, 750ml, 2개" onerror="this.src='//t1a.coupangcdn.com/thumbnails/remote/300x300/image/coupang/common/no_img_1000_1000.png'">
                        </div>
                        <strong class="rl-item__title">브루아오로 올리브 오일, 750ml, 2개</strong>
                        <div class="clearFix">
                            <span class="rl-item__price">
                                    <em>280,500</em>원
                            </span>
                                <img class="rl-item__badge" src="https://image7.coupangcdn.com/image/coupang/rds/logo/iphone_2x/logoRocketMerchantLargeV3R3@2x.png">
                        </div>
                            <div class="rl-item__unit-price">
                                (100ml당 18,700원)
                            </div>
                            <div class="rl-item__review">
                                <span class="rl-item__review-score-bg">
                                  <span class="rl-item__review-score" style="width: 100%;">
                                    <em>100%</em>
                                  </span>
                                </span>
                                <span class="rl-item__review-count">
                                  (2,457)
                                </span>
                            </div>
                    </a>
                </li>
                <li class="rl-item hps-scroll-item " data-index="9">
                    <a target="_blank" href="/vp/products/7154389250?itemId=23237752637&amp;searchId=0ec8ef947ac94a6dbbbc03ffaf6f54e1&amp;vendorItemId=80743551973&amp;sourceType=SDP_BOTTOM_ADS&amp;clickEventId=3de5e740-3ac9-11f0-b5e9-121cf5261818" title="멕시코 아보카도오일 엑스트라버진 500ml 나한나 직수입 건강오일 3병, 3개">
                        <div class="rl-item__image-wrap">
                            <img class="rl-item__image" src="//thumbnail8.coupangcdn.com/thumbnails/remote/300x300ex/image/vendor_inventory/b5cc/010055c3ddd660a5b4c98423abe383ed796f498d5b594996eeb9d06b67b3.jpg" alt="멕시코 아보카도오일 엑스트라버진 500ml 나한나 직수입 건강오일 3병, 3개" onerror="this.src='//t1a.coupangcdn.com/thumbnails/remote/300x300/image/coupang/common/no_img_1000_1000.png'">
                        </div>
                        <strong class="rl-item__title">멕시코 아보카도오일 엑스트라버진 500ml 나한나 직수입 건강오일 3병, 3개</strong>
                        <div class="clearFix">
                            <span class="rl-item__price">
                                    <em>42,490</em>원
                            </span>
                        </div>
                            <div class="rl-item__unit-price">
                                (100ml당 2,833원)
                            </div>
                            <div class="rl-item__review">
                                <span class="rl-item__review-score-bg">
                                  <span class="rl-item__review-score" style="width: 90%;">
                                    <em>90%</em>
                                  </span>
                                </span>
                                <span class="rl-item__review-count">
                                  (2,953)
                                </span>
                            </div>
                    </a>
                </li>
                <li class="rl-item hps-scroll-item " data-index="10">
                    <a target="_blank" href="/vp/products/8775243516?itemId=25523056408&amp;searchId=0ec8ef947ac94a6dbbbc03ffaf6f54e1&amp;vendorItemId=92514883223&amp;sourceType=SDP_BOTTOM_ADS&amp;clickEventId=3de5e740-3ac9-11f0-b2db-1403168c22fb" title="하루 한포 유기농 올리브 오일 엑스트라버진 14 스틱 / 올리브 에브리원, 10박스, 140ml">
                        <div class="rl-item__image-wrap">
                            <img class="rl-item__image" src="//thumbnail10.coupangcdn.com/thumbnails/remote/300x300ex/image/vendor_inventory/2b29/9dd940b8bfc3640a2d0134e80916c56037c02cea4c7006c381c7d56d0cce.jpg" alt="하루 한포 유기농 올리브 오일 엑스트라버진 14 스틱 / 올리브 에브리원, 10박스, 140ml" onerror="this.src='//t1a.coupangcdn.com/thumbnails/remote/300x300/image/coupang/common/no_img_1000_1000.png'">
                        </div>
                        <strong class="rl-item__title">하루 한포 유기농 올리브 오일 엑스트라버진 14 스틱 / 올리브 에브리원, 10박스, 140ml</strong>
                        <div class="clearFix">
                            <span class="rl-item__price">
                                    <em>119,000</em>원
                            </span>
                        </div>
                            <div class="rl-item__unit-price">
                                (100ml당 8,500원)
                            </div>
                            <div class="rl-item__review">
                                <span class="rl-item__review-score-bg">
                                  <span class="rl-item__review-score" style="width: 160%;">
                                    <em>160%</em>
                                  </span>
                                </span>
                                <span class="rl-item__review-count">
                                  (1)
                                </span>
                            </div>
                    </a>
                </li>
                <li class="rl-item hps-scroll-item " data-index="11">
                    <a target="_blank" href="/vp/products/7450004739?itemId=19392628613&amp;searchId=0ec8ef947ac94a6dbbbc03ffaf6f54e1&amp;vendorItemId=78474084998&amp;sourceType=SDP_BOTTOM_ADS&amp;clickEventId=3de5e740-3ac9-11f0-866a-0f489acf4b3d" title="후에르타 로스 까뇨스 유기농 엑스트라 버진 올리브 오일 500ML, 에어캡 경량포장(포장없음), 1개">
                        <div class="rl-item__image-wrap">
                            <img class="rl-item__image" src="//thumbnail9.coupangcdn.com/thumbnails/remote/300x300ex/image/vendor_inventory/73c8/a08330d5d898021f020f7ee777f64eb337d02113a179c7ba7a1e426f7062.jpg" alt="후에르타 로스 까뇨스 유기농 엑스트라 버진 올리브 오일 500ML, 에어캡 경량포장(포장없음), 1개" onerror="this.src='//t1a.coupangcdn.com/thumbnails/remote/300x300/image/coupang/common/no_img_1000_1000.png'">
                        </div>
                        <strong class="rl-item__title">후에르타 로스 까뇨스 유기농 엑스트라 버진 올리브 오일 500ML, 에어캡 경량포장(포장없음), 1개</strong>
                        <div class="clearFix">
                            <span class="rl-item__price">
                                    <em>101,500</em>원
                            </span>
                        </div>
                            <div class="rl-item__unit-price">
                                (100ml당 20,300원)
                            </div>
                            <div class="rl-item__review">
                                <span class="rl-item__review-score-bg">
                                  <span class="rl-item__review-score" style="width: 100%;">
                                    <em>100%</em>
                                  </span>
                                </span>
                                <span class="rl-item__review-count">
                                  (297)
                                </span>
                            </div>
                    </a>
                </li>
                <li class="rl-item hps-scroll-item " data-index="12">
                    <a target="_blank" href="/vp/products/7561919462?itemId=19924291786&amp;searchId=0ec8ef947ac94a6dbbbc03ffaf6f54e1&amp;vendorItemId=85693558346&amp;sourceType=SDP_BOTTOM_ADS&amp;clickEventId=3de5e740-3ac9-11f0-8fd6-fe3a6d34e99a" title="푸엔케사다 500ml 1개 산도 0.09 175년 역사 햇 올리브 [디오팜] 스페인 프리미엄 피쿠알 엑스트라버진 올리브오일(FUENQUESADA)">
                        <div class="rl-item__image-wrap">
                            <img class="rl-item__image" src="//thumbnail6.coupangcdn.com/thumbnails/remote/300x300ex/image/vendor_inventory/abf7/5837ecb3a661f07ad1b1918eb688704417a19af56e3f53375bc33b213e76.jpg" alt="푸엔케사다 500ml 1개 산도 0.09 175년 역사 햇 올리브 [디오팜] 스페인 프리미엄 피쿠알 엑스트라버진 올리브오일(FUENQUESADA)" onerror="this.src='//t1a.coupangcdn.com/thumbnails/remote/300x300/image/coupang/common/no_img_1000_1000.png'">
                        </div>
                        <strong class="rl-item__title">푸엔케사다 500ml 1개 산도 0.09 175년 역사 햇 올리브 [디오팜] 스페인 프리미엄 피쿠알 엑스트라버진 올리브오일(FUENQUESADA)</strong>
                        <div class="clearFix">
                            <span class="rl-item__price">
                                    <em>107,000</em>원
                            </span>
                        </div>
                            <div class="rl-item__unit-price">
                                (100ml당 21,400원)
                            </div>
                            <div class="rl-item__review">
                                <span class="rl-item__review-score-bg">
                                  <span class="rl-item__review-score" style="width: 100%;">
                                    <em>100%</em>
                                  </span>
                                </span>
                                <span class="rl-item__review-count">
                                  (10)
                                </span>
                            </div>
                    </a>
                </li>
                <li class="rl-item hps-scroll-item " data-index="13">
                    <a target="_blank" href="/vp/products/8760900689?itemId=25514204616&amp;searchId=0ec8ef947ac94a6dbbbc03ffaf6f54e1&amp;vendorItemId=92506166693&amp;sourceType=SDP_BOTTOM_ADS&amp;clickEventId=3de5e740-3ac9-11f0-94ad-c06c2d047f73" title="NUON 비우템 유기농 엑스트라버진 올리브오일 스틱 14p, 140g, 3개">
                        <div class="rl-item__image-wrap">
                            <img class="rl-item__image" src="//thumbnail6.coupangcdn.com/thumbnails/remote/300x300ex/image/retail/images/2025/05/13/11/7/b060fb3d-8953-4051-a35c-31ce3ba60752.png" alt="NUON 비우템 유기농 엑스트라버진 올리브오일 스틱 14p, 140g, 3개" onerror="this.src='//t1a.coupangcdn.com/thumbnails/remote/300x300/image/coupang/common/no_img_1000_1000.png'">
                        </div>
                        <strong class="rl-item__title">NUON 비우템 유기농 엑스트라버진 올리브오일 스틱 14p, 140g, 3개</strong>
                        <div class="clearFix">
                            <span class="rl-item__price">
                                    <em>45,100</em>원
                            </span>
                                <img class="rl-item__badge" src="https://image10.coupangcdn.com/image/badges/rocket/rocket_logo.png">
                        </div>
                            <div class="rl-item__unit-price">
                                (100g당 10,738원)
                            </div>
                            <div class="rl-item__review">
                                <span class="rl-item__review-score-bg">
                                  <span class="rl-item__review-score" style="width: 100%;">
                                    <em>100%</em>
                                  </span>
                                </span>
                                <span class="rl-item__review-count">
                                  (131)
                                </span>
                            </div>
                    </a>
                </li>
                <li class="rl-item hps-scroll-item " data-index="14">
                    <a target="_blank" href="/vp/products/8179795850?itemId=18839547151&amp;searchId=0ec8ef947ac94a6dbbbc03ffaf6f54e1&amp;vendorItemId=85969279565&amp;sourceType=SDP_BOTTOM_ADS&amp;clickEventId=3de5e740-3ac9-11f0-823a-fb43b9d0358d" title="리지 현미유 플러스, 1L, 2개">
                        <div class="rl-item__image-wrap">
                            <img class="rl-item__image" src="//thumbnail7.coupangcdn.com/thumbnails/remote/300x300ex/image/retail/images/1047333093183831-771fe3b0-2034-4c72-abdb-259fcd42732c.jpg" alt="리지 현미유 플러스, 1L, 2개" onerror="this.src='//t1a.coupangcdn.com/thumbnails/remote/300x300/image/coupang/common/no_img_1000_1000.png'">
                        </div>
                        <strong class="rl-item__title">리지 현미유 플러스, 1L, 2개</strong>
                        <div class="clearFix">
                            <span class="rl-item__price">
                                    <em>25,800</em>원
                            </span>
                                <img class="rl-item__badge" src="https://image10.coupangcdn.com/image/badges/rocket/rocket_logo.png">
                        </div>
                            <div class="rl-item__unit-price">
                                (100ml당 1,290원)
                            </div>
                            <div class="rl-item__review">
                                <span class="rl-item__review-score-bg">
                                  <span class="rl-item__review-score" style="width: 100%;">
                                    <em>100%</em>
                                  </span>
                                </span>
                                <span class="rl-item__review-count">
                                  (4,438)
                                </span>
                            </div>
                    </a>
                </li>
                <li class="rl-item hps-scroll-item " data-index="15">
                    <a target="_blank" href="/vp/products/7690480485?itemId=20564499911&amp;searchId=0ec8ef947ac94a6dbbbc03ffaf6f54e1&amp;vendorItemId=87270492796&amp;sourceType=SDP_BOTTOM_ADS&amp;clickEventId=3de60e50-3ac9-11f0-8241-1c12a82c5e99" title="쿠트레라 프리모 냉압착 유기농 엑스트라버진 올리브오일 올리브유 이탈리아 250ml, 리뷰 작성 안할래요, 프리모 DOP 엑스트라버진 올리브오일, 1개">
                        <div class="rl-item__image-wrap">
                            <img class="rl-item__image" src="//thumbnail7.coupangcdn.com/thumbnails/remote/300x300ex/image/vendor_inventory/396f/f9a1dd992f5cc0402d44f36fbfa3cc07a8bf206515d38e21c273f405ae75.jpg" alt="쿠트레라 프리모 냉압착 유기농 엑스트라버진 올리브오일 올리브유 이탈리아 250ml, 리뷰 작성 안할래요, 프리모 DOP 엑스트라버진 올리브오일, 1개" onerror="this.src='//t1a.coupangcdn.com/thumbnails/remote/300x300/image/coupang/common/no_img_1000_1000.png'">
                        </div>
                        <strong class="rl-item__title">쿠트레라 프리모 냉압착 유기농 엑스트라버진 올리브오일 올리브유 이탈리아 250ml, 리뷰 작성 안할래요, 프리모 DOP 엑스트라버진 올리브오일, 1개</strong>
                        <div class="clearFix">
                            <span class="rl-item__price">
                                    <em>22,800</em>원
                            </span>
                        </div>
                            <div class="rl-item__unit-price">
                                (100ml당 9,120원)
                            </div>
                            <div class="rl-item__review">
                                <span class="rl-item__review-score-bg">
                                  <span class="rl-item__review-score" style="width: 90%;">
                                    <em>90%</em>
                                  </span>
                                </span>
                                <span class="rl-item__review-count">
                                  (22)
                                </span>
                            </div>
                    </a>
                </li>
                <li class="rl-item hps-scroll-item " data-index="16">
                    <a target="_blank" href="/vp/products/6148349803?itemId=11849579965&amp;searchId=0ec8ef947ac94a6dbbbc03ffaf6f54e1&amp;vendorItemId=79122882982&amp;sourceType=SDP_BOTTOM_ADS&amp;clickEventId=3de60e50-3ac9-11f0-99e9-c9e91d0c2ed3" title="선물용 유기농 엑스트라버진 올리브오일 500ml 오히블랑카 품종 최저산도0.09% 맛있는오일 폴리페놀 올레오칸탈 고함량 데오르테가스, 1개">
                        <div class="rl-item__image-wrap">
                            <img class="rl-item__image" src="//thumbnail7.coupangcdn.com/thumbnails/remote/300x300ex/image/vendor_inventory/4705/79e1d0f033eee510427ab8b21837b6dd0ce3e869d165600a91529452899c.jpg" alt="선물용 유기농 엑스트라버진 올리브오일 500ml 오히블랑카 품종 최저산도0.09% 맛있는오일 폴리페놀 올레오칸탈 고함량 데오르테가스, 1개" onerror="this.src='//t1a.coupangcdn.com/thumbnails/remote/300x300/image/coupang/common/no_img_1000_1000.png'">
                        </div>
                        <strong class="rl-item__title">선물용 유기농 엑스트라버진 올리브오일 500ml 오히블랑카 품종 최저산도0.09% 맛있는오일 폴리페놀 올레오칸탈 고함량 데오르테가스, 1개</strong>
                        <div class="clearFix">
                            <span class="rl-item__price">
                                    <em>68,000</em>원
                            </span>
                        </div>
                            <div class="rl-item__unit-price">
                                (100ml당 13,600원)
                            </div>
                            <div class="rl-item__review">
                                <span class="rl-item__review-score-bg">
                                  <span class="rl-item__review-score" style="width: 100%;">
                                    <em>100%</em>
                                  </span>
                                </span>
                                <span class="rl-item__review-count">
                                  (219)
                                </span>
                            </div>
                    </a>
                </li>
                <li class="rl-item hps-scroll-item " data-index="17">
                    <a target="_blank" href="/vp/products/8718210740?itemId=25322808315&amp;searchId=0ec8ef947ac94a6dbbbc03ffaf6f54e1&amp;vendorItemId=92317733564&amp;sourceType=SDP_BOTTOM_ADS&amp;clickEventId=3de60e50-3ac9-11f0-b2d5-e6cdaf58939d" title="유기농 올리브오일 냉압착식 엑스트라 버진 100% 스틱 올리브유 헬씨딜리버리, 4박스, 14회분">
                        <div class="rl-item__image-wrap">
                            <img class="rl-item__image" src="//thumbnail6.coupangcdn.com/thumbnails/remote/300x300ex/image/vendor_inventory/c53b/5583ad5701d7c16da277d93af82c789894addc944491aa2b4e4ed4bfcacc.jpg" alt="유기농 올리브오일 냉압착식 엑스트라 버진 100% 스틱 올리브유 헬씨딜리버리, 4박스, 14회분" onerror="this.src='//t1a.coupangcdn.com/thumbnails/remote/300x300/image/coupang/common/no_img_1000_1000.png'">
                        </div>
                        <strong class="rl-item__title">유기농 올리브오일 냉압착식 엑스트라 버진 100% 스틱 올리브유 헬씨딜리버리, 4박스, 14회분</strong>
                        <div class="clearFix">
                            <span class="rl-item__price">
                                    <em>89,600</em>원
                            </span>
                        </div>
                            <div class="rl-item__unit-price">
                                (1정당 1,600원)
                            </div>
                            <div class="rl-item__review">
                                <span class="rl-item__review-score-bg">
                                  <span class="rl-item__review-score" style="width: 100%;">
                                    <em>100%</em>
                                  </span>
                                </span>
                                <span class="rl-item__review-count">
                                  (3)
                                </span>
                            </div>
                    </a>
                </li>
                <li class="rl-item hps-scroll-item " data-index="18">
                    <a target="_blank" href="/vp/products/8217397199?itemId=23607866568&amp;searchId=0ec8ef947ac94a6dbbbc03ffaf6f54e1&amp;vendorItemId=90633562694&amp;sourceType=SDP_BOTTOM_ADS&amp;clickEventId=3de60e50-3ac9-11f0-ad6b-9640b306cd08" title="엘릭시르 데스피놀라다 엑스트라버진 올리브오일 (pitted olive oil) (에어캡포장), 2개, 500ml">
                        <div class="rl-item__image-wrap">
                            <img class="rl-item__image" src="//thumbnail7.coupangcdn.com/thumbnails/remote/300x300ex/image/vendor_inventory/70e7/17489c70f8eae4524e602bba2a33797b715ef2ffe5bae542fdfd4699dc13.png" alt="엘릭시르 데스피놀라다 엑스트라버진 올리브오일 (pitted olive oil) (에어캡포장), 2개, 500ml" onerror="this.src='//t1a.coupangcdn.com/thumbnails/remote/300x300/image/coupang/common/no_img_1000_1000.png'">
                        </div>
                        <strong class="rl-item__title">엘릭시르 데스피놀라다 엑스트라버진 올리브오일 (pitted olive oil) (에어캡포장), 2개, 500ml</strong>
                        <div class="clearFix">
                            <span class="rl-item__price">
                                    <em>162,000</em>원
                            </span>
                        </div>
                            <div class="rl-item__unit-price">
                                (100ml당 16,200원)
                            </div>
                            <div class="rl-item__review">
                                <span class="rl-item__review-score-bg">
                                  <span class="rl-item__review-score" style="width: 100%;">
                                    <em>100%</em>
                                  </span>
                                </span>
                                <span class="rl-item__review-count">
                                  (15)
                                </span>
                            </div>
                    </a>
                </li>
                <li class="rl-item hps-scroll-item rl-last-item" data-index="19">
                    <a target="_blank" href="/vp/products/7393788531?itemId=25092962143&amp;searchId=0ec8ef947ac94a6dbbbc03ffaf6f54e1&amp;vendorItemId=92090108533&amp;sourceType=SDP_BOTTOM_ADS&amp;clickEventId=3de60e50-3ac9-11f0-9941-91e13f8ed774" title="파고 데 에스페호 피구알 엑스트라버진 올리브오일 500ml, 1개">
                        <div class="rl-item__image-wrap">
                            <img class="rl-item__image" src="//thumbnail9.coupangcdn.com/thumbnails/remote/300x300ex/image/vendor_inventory/ea76/977eeea5d743e6eba53a0ba9cc1f08012ced1d25abf775da95889161ff40.jpg" alt="파고 데 에스페호 피구알 엑스트라버진 올리브오일 500ml, 1개" onerror="this.src='//t1a.coupangcdn.com/thumbnails/remote/300x300/image/coupang/common/no_img_1000_1000.png'">
                        </div>
                        <strong class="rl-item__title">파고 데 에스페호 피구알 엑스트라버진 올리브오일 500ml, 1개</strong>
                        <div class="clearFix">
                            <span class="rl-item__price">
                                    <em>79,000</em>원
                            </span>
                        </div>
                            <div class="rl-item__unit-price">
                                (100ml당 15,800원)
                            </div>
                            <div class="rl-item__review">
                                <span class="rl-item__review-score-bg">
                                  <span class="rl-item__review-score" style="width: 100%;">
                                    <em>100%</em>
                                  </span>
                                </span>
                                <span class="rl-item__review-count">
                                  (3)
                                </span>
                            </div>
                    </a>
                </li>
        </ul>
    </div>
</div></td>
            </tr>
        </table>
    </div>
    <div class="hps-pagination-buttons">
        <div class="hps-pagination-buttons__prev" style="cursor: inherit; opacity: 0; display: none;"></div>
        <div class="hps-pagination-buttons__next" style="cursor: pointer; opacity: 1; display: block;"></div>
    </div>
</div></div>
</div></div>

<div id="jikguPromotionCarousel" data-jikgu-sdp-widget-promotion="A" style="margin-top: 40px"></div>


<div id="sdp-bottom-banner" style=""><div class="sdp-bottom-banner sdp-bottom-banner-191126"><div class="sdp-bottom-banner-header"><h4 class="banner-title">고르고 골랐어요</h4><em class="info-marker">광고</em></div><a class="banner-link" href="/vp/products/1267939035?itemId=2271620778&amp;vendorItemId=70268831947&amp;sourceType=SDP_BOTTOM_BANNER&amp;clickEventId=3e127580-3ac9-11f0-9574-2a025df049c9"><div class="sdp-bottom-banner-content"><div class="sdp-bottom-banner-info"><div class="sdp-bottom-banner-thumb"><div class="item-thumbnail"><img src="http://thumbnail9.coupangcdn.com/thumbnails/remote/292x292ex/image/retail/images/156533657457294-d4688a50-779f-4253-b37e-75ef141f3155.jpg" alt="곰곰 바쏘 엑스트라버진 올리브오일, 1L, 1개"></div></div><div class="item-rating"><span class="rating-stars"><em style="width: 100.0%"></em></span><span class="rating-count">45,153</span></div><div class="item-title"><span class="title-text" title="곰곰 바쏘 엑스트라버진 올리브오일, 1L, 1개">곰곰 바쏘 엑스트라버진 올리브오일, 1L, 1개</span></div><div class="item-link-button"><button type="button" class="button">알아보기</button></div></div></div></a></div></div>


    <div class="seo-sdp-linking-module-wrapper">
        <h2>이 상품과 관련된 카테고리</h2>
        <div class="seo-sdp-linking-module-list">

                <a href="https://www.coupang.com/np/categories/493017">퓨어 올리브유</a>

                    <span class="seo-sdp-linking-module-vertical-divider"></span>


                <a href="https://www.coupang.com/np/categories/493018">아보카도 오일</a>

                    <span class="seo-sdp-linking-module-vertical-divider"></span>


                <a href="https://www.coupang.com/np/categories/493019">MCT 오일</a>

                    <span class="seo-sdp-linking-module-vertical-divider"></span>


                <a href="https://www.coupang.com/np/categories/493020">코코넛 오일</a>

                    <span class="seo-sdp-linking-module-vertical-divider"></span>


                <a href="https://www.coupang.com/np/categories/493021">고추씨 기름</a>

                    <span class="seo-sdp-linking-module-vertical-divider"></span>


                <a href="https://www.coupang.com/np/categories/493022">참기름</a>

                    <span class="seo-sdp-linking-module-vertical-divider"></span>


                <a href="https://www.coupang.com/np/categories/493023">들기름</a>

                    <span class="seo-sdp-linking-module-vertical-divider"></span>


                <a href="https://www.coupang.com/np/categories/493024">기버터</a>

                    <span class="seo-sdp-linking-module-vertical-divider"></span>


                <a href="https://www.coupang.com/np/categories/493025">버터</a>

                    <span class="seo-sdp-linking-module-vertical-divider"></span>


                <a href="https://www.coupang.com/np/categories/564648">땅콩버터</a>

                    <span class="seo-sdp-linking-module-vertical-divider"></span>


                <a href="https://www.coupang.com/np/categories/493026">마가린</a>


        </div>
    </div>




<script src="//asset2.coupangcdn.com/customjs/affiliate/interest-group/join-ad-interest-group-0.0.4.min.js" async="" crossorigin=""></script>


        </div><div class="quick-scroll" style="left: 1587.5px; display: block;">
    <a class="quick-scroll__top" href="javascript:void(0)"></a>
    <a class="quick-scroll__bottom" href="javascript:void(0)"></a>
</div>


        <div id="product-contents-placeholder" class="product-contents-placeholder" style="display:none;" data-login="false" data-trcid="" data-traid="" data-search-id="" data-login-url="https://login.coupang.com/login/login.pang?rtnUrl=https%3A%2F%2Fwww.coupang.com%2Fnp%2Fpost%2Flogin%3Fr%3D" data-cart-url="//cart.coupang.com/cartView.pang" data-order-url="/createCheckout.pang" data-category-link-code="" data-cdn-prefix="//image6.coupangcdn.com/image/" data-email-address="" data-other-seller-apply-interstellar="true" data-apply-brand-shop-widget="true" data-item-product-id="0" data-apply-loyalty-rocket-fresh-mvp="false" data-pure-server-time="172" data-apply-ad-banners="true" data-apply3p-warning-banner="true" data-fraud3p-report-num-show="B" data-show-strike-company-notice="false" data-change-position-sdp-mid-carousel-ad-marker="A" data-apply-mid-carousel-dco-converting="A" data-show-bsr="false" data-is-fresh-return-policy-change="true" data-apply-option-disclaimer="false" data-is-on-hold-wow-member="false" data-apply-rocket-install-to-pre-order="true" data-enable-mini-cart="false" data-change-share-image-url="true">
        </div>

        <!-- 포돌이 -->


        <div class="prod-shadow"></div>
        <div class="prod-seller-store-rating-popup"></div>

        <img src="//img1a.coupangcdn.com/image/redwood/spinner.gif" class="pord-loadingbar" alt="로딩중입니다.">
        <a href="#" class="pord-reload">재시도</a>
        <div class="prod-rocket-pay-link-wrapper">
            <div class="prod-rocket-pay-link-popup">
            </div>
        </div>



        </div></section>


        <!--notice ahead of login header-->


    <!-- Document에 의해서 관리되지만 혹시 데이터를 못가지고 왔을때 대비 -->
    <!-- coupang footer -->
    <!-- coupang footer -->
<footer id="footer" class="footer_new">
    <div class="footer-layer1 is-narrowed">
        <a href="https://news.coupang.com/" target="_blank">회사소개</a>
        <a href="https://ir.aboutcoupang.com/English/home/" target="_blank">Investor Relations</a>
        <a href="https://rocketyourcareer.kr.coupang.com" target="_blank">인재채용</a>
        <a href="https://marketplace.coupangcorp.com/s/?utm_source=button_pc&amp;utm_medium=non_paid&amp;utm_campaign=onsite_ca&amp;utm_id=coupang_app?inflow=WEB_FOOTER_B">입점 / 제휴문의</a>
        <a href="https://mc.coupang.com/ssr/desktop/contact/notice">공지사항</a>
        <a href="https://mc.coupang.com/ssr/desktop/contact/voc">고객의 소리</a>
        <a href="/np/policies/terms">이용약관</a>
        <a href="https://privacy.coupang.com/ko/center/coupang"><b>개인정보 처리방침</b></a>
        <a href="https://rocketpay.coupang.com/rocketpay/operationTerms/coupangPcFooter">쿠팡페이 이용약관</a>
        <a href="/np/safety">신뢰관리센터</a>
        <a href="https://partners.coupang.com/" target="_blank">제휴마케팅</a>
        <a href="https://ads.coupang.com" target="_blank">광고안내</a>
        <div class="site-picker">
            <label>
                <p>Global Site</p>
                <span class="site-picker__arrow"></span>
            </label>
            <ul>
                <li><a href="https://www.tw.coupang.com">Coupang Taiwan 酷澎台灣</a></li>
            </ul>
        </div>

    </div>
    <div class="footer-layer2">
        <span class="logo"><a href="/" title="COUPANG">COUPANG</a></span>
        <div class="footer-content">
            <address>
                상호명 및 호스팅 서비스 제공 : 쿠팡(주)<br>
                대표이사 : 강한승,박대준<br>
                서울시 송파구 송파대로 570 <br>
                사업자 등록번호 : 120-88-00767 <br>
                통신판매업신고 : 2017-서울송파-0680<br>
                <a href="http://www.ftc.go.kr/info/bizinfo/communicationViewPopup.jsp?wrkr_no=1208800767" target="_blank" class="licensee" title="사업자정  보 확인">사업자정보 확인 &gt;</a>
            </address>
            <div class="contact-info">
                <a href="https://mc.coupang.com/ssr/desktop/contact/inquiry" class="call-center" title="365 고객센터">
                    <strong>365고객센터</strong> | 전자금융거래분쟁처리담당<br>
                    <em>1577-7011 (유료)</em>
                    서울시 송파구 송파대로 570<br>
                    <span class="contact-fax">email : help@coupang.com</span>
                </a>
            </div>
            <p class="safe-service">
                <strong>채무지급보증 안내</strong><br>
                <span>
                  당사는 고객님이 현금 결제한 금액에 대해<br>채무지급보증 계약을 체결하여<br>안전거래를 보장하고 있습니다.<br>
              </span>
                <a href="javascript:;" id="serviceCheck" class="service-check" title="서비스 가입사실 확인">서비스 가입사실 확인 &gt;</a>
            </p>
        </div>
    </div>
    <div class="footer-layer3 slide-unit">
        <div class="certification-list" style="width: 968px;height: 80px;margin: 0 auto;background: url(//static.coupangcdn.com/image/coupang/common/footer_asset_v20.png) no-repeat;background-position: -44px -92px;position: relative;background-size: 1086px 178px;">
        </div>
    </div>
    <div class="footer-layer4">
        <div class="coupang-copyright">
            <p class="info" style="padding-top:9px">사이버몰 내 판매되는 상품 중에는 쿠팡에 등록한 개별 판매자가 판매하는 마켓플레이스(오픈마켓) 상품이 포함되어 있습니다.
                <br> 마켓플레이스(오픈마켓) 상품의 경우 쿠팡은 통신판매중개자이며 통신판매의 당사자가 아닙니다. <br>쿠팡은 마켓플레이스(오픈마켓) 상품, 거래정보 및 거래 등에 대하여 책임을 지지
                않습니다. <br> 쿠팡은 소비자 보호와 안전거래를 위해 신뢰관리센터(CM112@coupang.com)를 운영하고 있으며, 관련 분쟁이 발생할 경우 별도의 분쟁 처리절차에 의거 분쟁이
                처리됩니다.<br> Copyright © Coupang Corp. 2010-2025 All Rights Reserved.
            </p>
            <ul class="sns-link">
                <li><a href="https://www.facebook.com/Coupang.korea" target="_blank" class="facebook" title="쿠팡 페이스북">쿠팡
                    페이스북</a></li>
                <li><a href="https://news.coupang.com/" target="_blank" class="blog" title="쿠팡 뉴스룸">쿠팡 뉴스룸</a></li>
                <li><a href="https://www.instagram.com/coupang" target="_blank" class="instagram" title="쿠팡 인스타그램">쿠팡
                    인스타그램</a></li>
            </ul>
        </div>
    </div>
</footer>




    <script id="seo-js-sdk" type="text/javascript" data-seo-rule="{&quot;enabled&quot;:true,&quot;cookieEnabled&quot;:false,&quot;platform&quot;:&quot;web&quot;,&quot;sdkVersion&quot;:&quot;0.0.5&quot;}" src="https://assets.coupangcdn.com/customjs/seo-js-sdk/0.0.5/seo-js-sdk.umd.min.js" ;="">
    </script>




    </div>




    <script src="//asset2.coupangcdn.com/customjs/jserror/4.0.7-beta-15/jslog-iife.pe.min.js" type="text/javascript" crossorigin="anonymous"></script>
    <script src="//asset2.coupangcdn.com/customjs/jserror/4.0.7-beta-15/jslog-iife.filters.pe.coupang_web.min.js" type="text/javascript" crossorigin="anonymous"></script>





	<script type="text/javascript">
    if (window.JsLog) {
		window.sdpJsLog = new JsLog('sdp_pc', 'production', {
			memberSrl: '0',
			pcid: '17432709791745219410047',
			pageName: 'sdp',
			domain: 'coupang_web',
            instanceId: 'coupang-web-prod-fu-green-687bcf8987-dghnh',
		},true)
        if (window.JsLogFilters) {
            window.JsLogFilters.enableFilterRuleSet(sdpJsLog, ['common', 'coupang_web'])
        }
        if (typeof sdpJsLog.setExtraContext === "function") {
            sdpJsLog.setExtraContext({
                requested_with: "Browser"
            })
        }
        window.sdpJsLog.enableTrap();
    }
	</script>



<script>

    window.logRequireTime = function () {
    };

    try {
        if (window.performance && window.performance.now) {
            window.redwoodTimeLog = {
                requirejs: {
                    start: window.performance.now()
                }
            };
            window.logRequireTime = function () {
                window.redwoodTimeLog.requirejs.end = window.performance.now();
                window.redwoodTimeLog.requirejs.time = window.redwoodTimeLog.requirejs.end - window.redwoodTimeLog.requirejs.start;
            }
        }
    } catch (e) {
    }


</script>
<script src="//asset2.coupangcdn.com/customjs/ctools-ff/0.0.3/global-ff.min.js" type="text/javascript"></script>
<script src="/resources/20250526164523/np/js/lib/requirejs/require-2.1.14.min.js" type="text/javascript" onload="logRequireTime()"></script>
<script src="//asset2.coupangcdn.com/customjs/polyfill/1.0.1/polyfill.bundle.js" type="text/javascript"></script>
<script type="text/javascript">

      try {
        window.__coupang_ui__ = window.__coupang_ui__ || {};
        window.__coupang_ui__.webProductGlobalFFData = JSON.parse("{\"blackList\":\"\"}" || '{}');
      } catch (e) {

      }


    try {

    } catch (e) {
        window.jsLog && window.jsLog.report(e);
    }





var coupangWebRequire = require.config({
    baseUrl: '/resources/20250526164523/np/js/modules',
    context: 'coupangWeb',
    waitSeconds: 7000,
    paths: {
        jquery: '//asset2.coupangcdn.com/cdnjs/jquery/1.11.1/jquery.min',
        hashchange: '../lib/jquery/jquery.ba-hashchange-1.3-browser-patch',
        handlebars: '//asset2.coupangcdn.com/customjs/handlebars/4.7.8/handlebars.min',
        text: '//asset2.coupangcdn.com/cdnjs/require-text/2.0.12/text.min',
        moment: '//asset2.coupangcdn.com/cdnjs/moment.js/2.10.2/moment.min',
        momentLocale: '//asset2.coupangcdn.com/cdnjs/moment.js/2.10.2/locales.min',
        lodash: '//asset2.coupangcdn.com/cdnjs/lodash.js/3.10.1/lodash.min',
        template: '/resources/20250526164523/np/html/template',
        facebook: '//connect.facebook.net/ko_KR/sdk',
        couLog: '//asset2.coupangcdn.com/customjs/cou-log/2.0.0/cou-log.min',
        speedChecker: '//asset2.coupangcdn.com/customjs/speed-checker/0.7.3/speed-checker.min',
        ezPlus: '//asset2.coupangcdn.com/customjs/jquery-elevatezoom-plus/1.1.11/jquery.ez-plus.min',
        fodiumWidgetLoader: '//asset2.coupangcdn.com/customjs/fodium-widget-loader/1.0.1/fodiumWidgetLoader.min',
        videojs: '//asset2.coupangcdn.com/cdnjs/video.js/5.16.0/video.min',
        videohls: '//asset2.coupangcdn.com/cdnjs/videojs-contrib-hls/5.1.1/videojs-contrib-hls',
        weblog: '//asset2.coupangcdn.com/customjs/coupang-web-log/3.2.0/web-log.umd.min',
        incorrectInfoBundle: 'sdp/incorrectInfoReport/webpack/incorrectInfoBundle',
        pacifik: '../lib/pacifik/pacifik.min',
        pacifikPolyfill: '//asset2.coupangcdn.com/customjs/pacifik/1.5.1/pacifik.polyfill.min',
        pacifikMessage: '' + ('/resources/20250526164523/np/js/lib/pacifik/messages.ko-KR.js').replace(/\.[^/.]+$/, ""),
        intersectionObserver: '../lib/intersection-observer/intersection-observer-min',
        react: '//asset2.coupangcdn.com/customjs/react/17.0.2/umd/react.production.min',
        reactDOM: '//asset2.coupangcdn.com/customjs/react-dom/17.0.2/umd/react-dom.production.min',
        sdpReact: '/resources/20250526164523/np/js/modules/react/sdp-react.bundle',
        fbiReact: '/resources/20250526164523/np/js/modules/react/fbi-react.bundle',
        swiper: '//asset2.coupangcdn.com/cdnjs/Swiper/4.3.3/js/swiper.min',
        promotionUtils: '/resources/20250526164523/np/js/modules/common/utils/promotionUtils',
    },
    shim: {
        handlebars: {
            exports: 'Handlebars'
        },
        hashchange: {
            deps: ['jquery'],
            exports: 'Hashchange'
        },
        facebook: {
            exports: 'FB'
        },
        couLog: {
            deps: ['jquery'],
            exports: 'couLog'
        },
        speedChecker: {
            deps: ['jquery', 'couLog'],
            exports: 'speedChecker'
        }
    },
    config: {
        'adsTopBanner': {
            data: [],
        }
    }
});




coupangWebRequire(['jquery','couLog','intersectionObserver'], function (jquery ) {

    coupangWebRequire(['redwood/sdp/atf/container'], function(){
        coupangWebRequire(['../page-controllers/common/controller']);
    });
});












</script>





<script type="text/javascript" src="/LDnsYalCLQUPo/Lc/GlTVEDFt7t10/3c5SfchDDOGJYb/PCRj/dxgZ/Vl5mNxk"></script><script type="text/javascript" src="/LDnsYalCLQUPo/Lc/GlTVEDFt7t10/bk5Sfc3wDO/A3Fm/OFcY/DmREbgJg?v=82adb1af-2490-111c-e17f-c8d68f421735" defer=""></script>




<div id="prodSellerStoreRatingPopup" class="prod-seller-store-rating-popup"></div><div class="prod-price-best-popup">
	<div class="prod-price-best-header">
		<div class="title">
			최저가 보상 서비스 안내
		</div>
		<div class="best-price-close-btn"></div>
	</div>
	<div class="prod-price-best-body">
		<div class="notice-image">
			<img src="//img1a.coupangcdn.com/image/dragonstone/sdp/P_3Pbadging_Notice-min-3.png" style="width: 885px; height: auto;" alt="best guarantee badge image">
			<a class="prod-price-best-body_faq-link" href="//csmessenger.coupang.com/cs-center/faq/main?keyword=%EC%BF%A0%EB%9F%B0%ED%8B%B0" alt="faq link"></a>
		</div>
	</div>
</div><div class="option-table__popup option-table__popup-mask">
    <div class="option-table__popup__content">
        <div class="option-table__popup__header">
            <div class="option-table__popup__title">
                옵션 선택
            </div>
            <div class="draw-option-table__popup__disclaimer option-table__popup__header_info_wrapper ml-6" style="display: none;"><svg xmlns="http://www.w3.org/2000/svg" width="16" height="16" viewBox="0 0 16 16" fill="none" class="option-table__popup__header_info_icon">
            <path fill-rule="evenodd" clip-rule="evenodd" d="M0 8C0 3.58172 3.58173 0 8 0C12.4183 0 16 3.58171 16 8C16 12.4183 12.4183 16 8 16C3.58173 16 0 12.4183 0 8ZM14.6667 8C14.6667 4.31809 11.6819 1.33333 8 1.33333C4.31811 1.33333 1.33333 4.3181 1.33333 8C1.33333 11.6819 4.31811 14.6667 8 14.6667C11.6819 14.6667 14.6667 11.6819 14.6667 8ZM6.83333 4.16667C6.83333 3.52233 7.35567 3 8 3C8.64433 3 9.16667 3.52233 9.16667 4.16667C9.16667 4.811 8.64433 5.33333 8 5.33333C7.35567 5.33333 6.83333 4.811 6.83333 4.16667ZM9.01209 7.57036C8.96363 7.06326 8.53646 6.66667 8.01667 6.66667C7.46438 6.66667 7.01667 7.11438 7.01667 7.66667V12L7.02124 12.0963C7.0697 12.6034 7.49687 13 8.01667 13C8.56895 13 9.01667 12.5523 9.01667 12V7.66667L9.01209 7.57036Z" fill="#454F5B"></path>
        </svg></div>

            <div class="option-table__popup__header-right">
                <div class="option-table__popup__btn-close"></div>
            </div>
        </div>

        <div class="option-table__popup__body">
            <div class="option-table__popup__option-list">
                    <div class="option-table__popup__option-item option-table__popup__option-item--selected " data-item-id="23666716119" data-vendor-item-id="77367783821" data-vendor-item-id-attributes="" data-sdp-visit-key="" data-refer-sdp-item="" data-attribute-name="250ml × 1개">
                        <div class="option-table__popup__option-item__main">
                            <div class="option-table__popup__option-title">
                                250ml × 1개
                            </div>
                            <div class="option-table__popup__option-price-container">
                                <span class="option-table__popup__option-price">
                                    11,900원
                                </span>

                                    <span class="option-table__popup__option-unit-price">
                                        (100ml당 4,760원)
                                    </span>





                                    <span class="option-table__popup__option-delivery-description free ">
                                        &nbsp;· 무료배송
                                    </span>

                            </div>
                            <div class="option-table__popup__option-row">
                                <div class="option-table__popup__option-pdd GREEN">
                                    <span>내일(수) 5/28 도착 보장</span>
                                </div>
                                    <img class="option-table__popup__option-delivery-badge" src="https://image6.coupangcdn.com/image/coupang/rds/logo/xhdpi/logo_rocket_medium.png" height="14px">
                            </div>
                        </div>
                        <div class="option-table__popup__option-item__aside">
                        </div>
                    </div>
                    <div class="option-table__popup__option-item  " data-item-id="23084492235" data-vendor-item-id="92459837839" data-vendor-item-id-attributes="" data-sdp-visit-key="" data-refer-sdp-item="" data-attribute-name="250ml × 2개">
                        <div class="option-table__popup__option-item__main">
                            <div class="option-table__popup__option-title">
                                250ml × 2개
                            </div>
                            <div class="option-table__popup__option-price-container">
                                <span class="option-table__popup__option-price">
                                    22,900원
                                </span>

                                    <span class="option-table__popup__option-unit-price">
                                        (100ml당 4,580원)
                                    </span>





                                    <span class="option-table__popup__option-delivery-description free ">
                                        &nbsp;· 무료배송
                                    </span>

                            </div>
                            <div class="option-table__popup__option-row">
                                <div class="option-table__popup__option-pdd ">
                                    <span>모레(목) 5/29 도착 예정 (판매자배송)</span>
                                </div>
                            </div>
                        </div>
                        <div class="option-table__popup__option-item__aside">
                        </div>
                    </div>
                    <div class="option-table__popup__option-item  " data-item-id="25334253754" data-vendor-item-id="92459965584" data-vendor-item-id-attributes="" data-sdp-visit-key="" data-refer-sdp-item="" data-attribute-name="250ml × 3개">
                        <div class="option-table__popup__option-item__main">
                            <div class="option-table__popup__option-title">
                                250ml × 3개
                            </div>
                            <div class="option-table__popup__option-price-container">
                                <span class="option-table__popup__option-price">
                                    34,340원
                                </span>

                                    <span class="option-table__popup__option-unit-price">
                                        (100ml당 4,579원)
                                    </span>





                                    <span class="option-table__popup__option-delivery-description free ">
                                        &nbsp;· 무료배송
                                    </span>

                            </div>
                            <div class="option-table__popup__option-row">
                                <div class="option-table__popup__option-pdd ">
                                    <span>모레(목) 5/29 도착 예정 (판매자배송)</span>
                                </div>
                            </div>
                        </div>
                        <div class="option-table__popup__option-item__aside">
                        </div>
                    </div>
                    <div class="option-table__popup__option-item  " data-item-id="25313633975" data-vendor-item-id="92308695590" data-vendor-item-id-attributes="" data-sdp-visit-key="" data-refer-sdp-item="" data-attribute-name="250ml × 4개">
                        <div class="option-table__popup__option-item__main">
                            <div class="option-table__popup__option-title">
                                250ml × 4개
                            </div>
                            <div class="option-table__popup__option-price-container">
                                <span class="option-table__popup__option-price">
                                    45,700원
                                </span>

                                    <span class="option-table__popup__option-unit-price">
                                        (100ml당 4,570원)
                                    </span>





                                    <span class="option-table__popup__option-delivery-description free ">
                                        &nbsp;· 무료배송
                                    </span>

                            </div>
                            <div class="option-table__popup__option-row">
                                <div class="option-table__popup__option-pdd ">
                                    <span>모레(목) 5/29 도착 예정 (판매자배송)</span>
                                </div>
                            </div>
                        </div>
                        <div class="option-table__popup__option-item__aside">
                        </div>
                    </div>
                    <div class="option-table__popup__option-item  " data-item-id="21724714516" data-vendor-item-id="3012938839" data-vendor-item-id-attributes="" data-sdp-visit-key="" data-refer-sdp-item="" data-attribute-name="500ml × 1개">
                        <div class="option-table__popup__option-item__main">
                            <div class="option-table__popup__option-title">
                                500ml × 1개
                            </div>
                            <div class="option-table__popup__option-price-container">
                                <span class="option-table__popup__option-price">
                                    17,000원
                                </span>

                                    <span class="option-table__popup__option-unit-price">
                                        (100ml당 3,400원)
                                    </span>





                                    <span class="option-table__popup__option-delivery-description free ">
                                        &nbsp;· 무료배송
                                    </span>

                            </div>
                            <div class="option-table__popup__option-row">
                                <div class="option-table__popup__option-pdd GREEN">
                                    <span>내일(수) 5/28 도착 보장</span>
                                </div>
                                    <img class="option-table__popup__option-delivery-badge" src="https://image6.coupangcdn.com/image/coupang/rds/logo/xhdpi/logo_rocket_medium.png" height="14px">
                            </div>
                        </div>
                        <div class="option-table__popup__option-item__aside">
                        </div>
                    </div>
                    <div class="option-table__popup__option-item  " data-item-id="23035504417" data-vendor-item-id="92459994218" data-vendor-item-id-attributes="" data-sdp-visit-key="" data-refer-sdp-item="" data-attribute-name="500ml × 2개">
                        <div class="option-table__popup__option-item__main">
                            <div class="option-table__popup__option-title">
                                500ml × 2개
                            </div>
                            <div class="option-table__popup__option-price-container">
                                <span class="option-table__popup__option-price">
                                    33,000원
                                </span>

                                    <span class="option-table__popup__option-unit-price">
                                        (100ml당 3,300원)
                                    </span>





                                    <span class="option-table__popup__option-delivery-description free ">
                                        &nbsp;· 무료배송
                                    </span>

                            </div>
                            <div class="option-table__popup__option-row">
                                <div class="option-table__popup__option-pdd ">
                                    <span>모레(목) 5/29 도착 예정 (판매자배송)</span>
                                </div>
                            </div>
                        </div>
                        <div class="option-table__popup__option-item__aside">
                        </div>
                    </div>
                    <div class="option-table__popup__option-item  " data-item-id="25056116045" data-vendor-item-id="92060500184" data-vendor-item-id-attributes="" data-sdp-visit-key="" data-refer-sdp-item="" data-attribute-name="500ml × 3개">
                        <div class="option-table__popup__option-item__main">
                            <div class="option-table__popup__option-title">
                                500ml × 3개
                            </div>
                            <div class="option-table__popup__option-price-container">
                                <span class="option-table__popup__option-price">
                                    49,460원
                                </span>

                                    <span class="option-table__popup__option-unit-price">
                                        (100ml당 3,297원)
                                    </span>





                                    <span class="option-table__popup__option-delivery-description free ">
                                        &nbsp;· 무료배송
                                    </span>

                            </div>
                            <div class="option-table__popup__option-row">
                                <div class="option-table__popup__option-pdd ">
                                    <span>모레(목) 5/29 도착 예정 (판매자배송)</span>
                                </div>
                            </div>
                        </div>
                        <div class="option-table__popup__option-item__aside">
                        </div>
                    </div>
                    <div class="option-table__popup__option-item  " data-item-id="23344184523" data-vendor-item-id="3000068373" data-vendor-item-id-attributes="" data-sdp-visit-key="" data-refer-sdp-item="" data-attribute-name="1L × 1개">
                        <div class="option-table__popup__option-item__main">
                            <div class="option-table__popup__option-title">
                                1L × 1개
                            </div>
                            <div class="option-table__popup__option-price-container">
                                <span class="option-table__popup__option-price">
                                    27,900원
                                </span>

                                    <span class="option-table__popup__option-unit-price">
                                        (100ml당 2,790원)
                                    </span>





                                    <span class="option-table__popup__option-delivery-description free ">
                                        &nbsp;· 무료배송
                                    </span>

                            </div>
                            <div class="option-table__popup__option-row">
                                <div class="option-table__popup__option-pdd GREEN">
                                    <span>내일(수) 5/28 도착 보장</span>
                                </div>
                                    <img class="option-table__popup__option-delivery-badge" src="https://image6.coupangcdn.com/image/coupang/rds/logo/xhdpi/logo_rocket_medium.png" height="14px">
                            </div>
                        </div>
                        <div class="option-table__popup__option-item__aside">
                        </div>
                    </div>
                    <div class="option-table__popup__option-item  " data-item-id="25475603690" data-vendor-item-id="92468011201" data-vendor-item-id-attributes="" data-sdp-visit-key="" data-refer-sdp-item="" data-attribute-name="1L × 2개">
                        <div class="option-table__popup__option-item__main">
                            <div class="option-table__popup__option-title">
                                1L × 2개
                            </div>
                            <div class="option-table__popup__option-price-container">
                                <span class="option-table__popup__option-price">
                                    54,400원
                                </span>

                                    <span class="option-table__popup__option-unit-price">
                                        (100ml당 2,720원)
                                    </span>





                                    <span class="option-table__popup__option-delivery-description free ">
                                        &nbsp;· 무료배송
                                    </span>

                            </div>
                            <div class="option-table__popup__option-row">
                                <div class="option-table__popup__option-pdd ">
                                    <span>모레(목) 5/29 도착 예정 (판매자배송)</span>
                                </div>
                            </div>
                        </div>
                        <div class="option-table__popup__option-item__aside">
                        </div>
                    </div>
                    <div class="option-table__popup__option-item  " data-item-id="25467497411" data-vendor-item-id="92460016492" data-vendor-item-id-attributes="" data-sdp-visit-key="" data-refer-sdp-item="" data-attribute-name="1L × 3개">
                        <div class="option-table__popup__option-item__main">
                            <div class="option-table__popup__option-title">
                                1L × 3개
                            </div>
                            <div class="option-table__popup__option-price-container">
                                <span class="option-table__popup__option-price">
                                    80,400원
                                </span>

                                    <span class="option-table__popup__option-unit-price">
                                        (100ml당 2,680원)
                                    </span>





                                    <span class="option-table__popup__option-delivery-description free ">
                                        &nbsp;· 무료배송
                                    </span>

                            </div>
                            <div class="option-table__popup__option-row">
                                <div class="option-table__popup__option-pdd ">
                                    <span>모레(목) 5/29 도착 예정 (판매자배송)</span>
                                </div>
                            </div>
                        </div>
                        <div class="option-table__popup__option-item__aside">
                        </div>
                    </div>
            </div>
        </div>
    </div>
</div><div class="option-table__popup__header_modal" style="display: none; left: 8px; top: -3px;">
                <div>수량, 무게 등 판매 단위 대비 단위가격이 저렴한 상품을 보여줍니다. 배송비가 있는 상품은 이를 포함한 단위가격입니다.</div>
                <svg xmlns="http://www.w3.org/2000/svg" width="16" height="16" viewBox="0 0 16 16" fill="none" class="option-table__popup__header_modal_close_icon">
                    <path fill-rule="evenodd" clip-rule="evenodd" d="M3.74324 2.8068C3.48171 2.60345 3.10355 2.62193 2.86323 2.86225C2.60288 3.1226 2.60288 3.54471 2.86323 3.80506L7.05849 8.00033L2.86323 12.1956L2.80777 12.2584C2.60442 12.5199 2.62291 12.8981 2.86323 13.1384C3.12358 13.3987 3.54569 13.3987 3.80604 13.1384L8.0013 8.94313L12.1966 13.1384L12.2594 13.1939C12.5209 13.3972 12.8991 13.3787 13.1394 13.1384C13.3997 12.878 13.3997 12.4559 13.1394 12.1956L8.94411 8.00033L13.1394 3.80506L13.1948 3.74226C13.3982 3.48073 13.3797 3.10258 13.1394 2.86225C12.879 2.6019 12.4569 2.6019 12.1966 2.86225L8.0013 7.05752L3.80604 2.86225L3.74324 2.8068Z" fill="#212B36"></path>
                </svg>
            </div><div id="3rdPartyTag">

   <section id="googleAnalyticTag">
       <script type="text/javascript">
           var reference = $('#contents').data('reference');
           window.dataLayer = window.dataLayer || [];
           window.dataLayer.push({
               'PageType': 'ProductPage',
               'ProductID': reference && reference.productId
           })
       </script>
   </section>

    <section id="criteoTag">
        <!-- CRITEO JS TRACKER for MARKETING TEAM -->
        <script type="text/javascript" src="//asset2.coupangcdn.com/customjs/criteo/5.11.0/ld.min.js" async="true"></script>
        <script type="text/javascript">
            var reference = $('#contents').data('reference');
            window.criteo_q = window.criteo_q || [];
            window.criteo_q.push(
                { event: "setAccount", account: 3119 },
                { event: "setSiteType", type: "d" },
                { event: "viewItem", item: reference && reference.productId}
            );
        </script>
    </section>

   <section id="facebookTag">
       <!-- Facebook Pixel Code -->
<script>
    !function(f,b,e,v,n,t,s){if(f.fbq)return;n=f.fbq=function(){n.callMethod?n.callMethod.apply(n,arguments):n.queue.push(arguments)};if(!f._fbq)f._fbq=n;
        n.push=n;n.loaded=!0;n.version='2.0';n.queue=[];t=b.createElement(e);t.async=!0;
        t.src=v;s=b.getElementsByTagName(e)[0];s.parentNode.insertBefore(t,s)}(window,
            document,'script','https://connect.facebook.net/en_US/fbevents.js');
    fbq('init', '652323801535981');
    fbq('track', 'PageView');

</script>
<noscript><img height="1" width="1" style="display:none" src="https://www.facebook.com/tr?id=652323801535981&ev=PageView&noscript=1"/></noscript>
<!-- End Facebook Pixel Code -->

   </section>

</div>
<div id="criteo-tags-div" style="display: none;"></div><iframe height="0" width="0" hidden="" aria-hidden="true" title="Criteo DIS iframe"></iframe><div class="prod-other-seller-popup">
    <div class="prod-other-seller__header__string">
        <strong>선택한 상품의 다른 판매자 <span id="seller-count" data-seller-count="7">(7)</span></strong>
        <a class="close" href="javascript:void(0)"></a>
    </div>
    <div class="prod-selected-items">
        <div class="prod-selected-img">
            <img src="//t1a.coupangcdn.com/thumbnails/remote/43x43/image/coupang/common/no_img_1000_1000.png" width="50" height="50" onerror="this.src='//t1a.coupangcdn.com/thumbnails/remote/43x43/image/coupang/common/no_img_1000_1000.png'">
        </div>
        <ul class="prod-selected-item"></ul>
    </div>
    <div id="prod-grid-section">
        <div id="prod-grid-wrapper">
            <div class="prod-grid-table" style="display: block; position: initial;">
                <div class="prod-grid-table-row">
                    <div class="prod-grid-header__price prod-grid-th">
                        상품가
                        <div>상품가</div>
                    </div>
                    <div class="prod-grid-header__delivery__info prod-grid-th">
                        배송일
                        <div>배송일</div>
                    </div>
                    <div class="prod-grid-header__name prod-grid-th">
                        판매자
                        <div>판매자</div>
                    </div>
                </div>
                    <a class="selected prod-grid-div prod-grid-table-row" data-vendor-item-id="77367783821" data-coulog="{&quot;logCategory&quot;:&quot;event&quot;, &quot;logType&quot;:&quot;click&quot;, &quot;logLabel&quot;:&quot;SDP_COMPARE_PRICE&quot;, &quot;customURL&quot;:&quot;/click_compare_price_item&quot;, &quot;extraParam&quot;:&quot;vendorItemId=77367783821&quot;}">
                        <div class="prod-grid-content__row prod-grid-price prod-grid-table-cell">
                            <div class="prod-grid-content__check__box">
                                <input type="radio" name="vendor" id="vendor" checked="">
                            </div>
                            <div class="prod-grid-content__other__info">
                                    <strong>11,900<span class="prod-grid-price__unit">원</span></strong>
                                        <span class="prod-grid-delivery__badge">
                                            <img src="https://image6.coupangcdn.com/image/cmg/icon/ios/logo_rocket_large@3x.png">
                                        </span>
                            </div>
                            <div class="prod-grid-content__delivery__info">
                                            <span><em class="prod-txt-bold">무료배송</em><em class="prod-txt-light-gray"> (로켓배송 상품 19,800원 이상 구매 시)</em></span>
                            </div>
                        </div>
                        <div class="prod-grid-content__row prod-grid-delivery prod-grid-table-cell prod-pdd-change-style">
                            <em class="prod-txt-onyx prod-txt-green-normal">내일(수) 5/28</em><em class="prod-txt-onyx prod-txt-green-normal">도착 보장</em><em class="prod-txt-onyx"> (서울경기 기준)</em>
                        </div>
                        <div class="prod-grid-content__row prod-grid-name  prod-grid-table-cell">
                            <span>쿠팡</span>
                                <div class="seller-store-rating ">
                                    <img src="https://image9.coupangcdn.com/image/mobile_app/v3/badges/thumbs_up/xxhdpi/ic_thumbsup_outline_black_buybox.png" alt="icon">
                                    <strong>98%</strong>
                                    <span>(194,508,545)</span>
                                </div>
                        </div>
                    </a>
                    <a class=" prod-grid-div prod-grid-table-row" data-vendor-item-id="91562276232" data-coulog="{&quot;logCategory&quot;:&quot;event&quot;, &quot;logType&quot;:&quot;click&quot;, &quot;logLabel&quot;:&quot;SDP_COMPARE_PRICE&quot;, &quot;customURL&quot;:&quot;/click_compare_price_item&quot;, &quot;extraParam&quot;:&quot;vendorItemId=91562276232&quot;}">
                        <div class="prod-grid-content__row prod-grid-price prod-grid-table-cell">
                            <div class="prod-grid-content__check__box">
                                <input type="radio" name="vendor" id="vendor">
                            </div>
                            <div class="prod-grid-content__other__info">
                                    <strong>18,500<span class="prod-grid-price__unit">원</span></strong>
                            </div>
                            <div class="prod-grid-content__delivery__info">
                                            <span><em class="prod-txt-bold">무료배송</em></span>
                            </div>
                        </div>
                        <div class="prod-grid-content__row prod-grid-delivery prod-grid-table-cell prod-pdd-change-style">
                            <em class="prod-txt-onyx prod-txt-font-14">5/30(금) 도착 예정</em>
                        </div>
                        <div class="prod-grid-content__row prod-grid-name  prod-grid-table-cell">
                            <span>피키피크</span>
                                <div class="seller-store-rating ">
                                    <img src="https://image9.coupangcdn.com/image/mobile_app/v3/badges/thumbs_up/xxhdpi/ic_thumbsup_outline_black_buybox.png" alt="icon">
                                    <strong>72%</strong>
                                    <span>(32)</span>
                                </div>
                        </div>
                    </a>
                    <a class=" prod-grid-div prod-grid-table-row" data-vendor-item-id="92242575491" data-coulog="{&quot;logCategory&quot;:&quot;event&quot;, &quot;logType&quot;:&quot;click&quot;, &quot;logLabel&quot;:&quot;SDP_COMPARE_PRICE&quot;, &quot;customURL&quot;:&quot;/click_compare_price_item&quot;, &quot;extraParam&quot;:&quot;vendorItemId=92242575491&quot;}">
                        <div class="prod-grid-content__row prod-grid-price prod-grid-table-cell">
                            <div class="prod-grid-content__check__box">
                                <input type="radio" name="vendor" id="vendor">
                            </div>
                            <div class="prod-grid-content__other__info">
                                    <strong>23,870<span class="prod-grid-price__unit">원</span></strong>
                            </div>
                            <div class="prod-grid-content__delivery__info">
                                            <span><em class="prod-txt-bold">무료배송</em></span>
                            </div>
                        </div>
                        <div class="prod-grid-content__row prod-grid-delivery prod-grid-table-cell prod-pdd-change-style">
                            <em class="prod-txt-onyx prod-txt-font-14">모레(목) 도착 예정</em>
                        </div>
                        <div class="prod-grid-content__row prod-grid-name  prod-grid-table-cell">
                            <span>위드멜</span>
                                <div class="seller-store-rating ">
                                    <img src="https://image9.coupangcdn.com/image/mobile_app/v3/badges/thumbs_up/xxhdpi/ic_thumbsup_outline_black_buybox.png" alt="icon">
                                    <strong>80%</strong>
                                    <span>(92)</span>
                                </div>
                        </div>
                    </a>
                    <a class=" prod-grid-div prod-grid-table-row" data-vendor-item-id="91573792804" data-coulog="{&quot;logCategory&quot;:&quot;event&quot;, &quot;logType&quot;:&quot;click&quot;, &quot;logLabel&quot;:&quot;SDP_COMPARE_PRICE&quot;, &quot;customURL&quot;:&quot;/click_compare_price_item&quot;, &quot;extraParam&quot;:&quot;vendorItemId=91573792804&quot;}">
                        <div class="prod-grid-content__row prod-grid-price prod-grid-table-cell">
                            <div class="prod-grid-content__check__box">
                                <input type="radio" name="vendor" id="vendor">
                            </div>
                            <div class="prod-grid-content__other__info">
                                    <strong>21,800<span class="prod-grid-price__unit">원</span></strong>
                            </div>
                            <div class="prod-grid-content__delivery__info">
                                            <span><em class="prod-txt-bold">무료배송</em></span>
                            </div>
                        </div>
                        <div class="prod-grid-content__row prod-grid-delivery prod-grid-table-cell prod-pdd-change-style">
                            <em class="prod-txt-onyx prod-txt-font-14">5/30(금) 도착 예정</em>
                        </div>
                        <div class="prod-grid-content__row prod-grid-name  prod-grid-table-cell">
                            <span>피크몰</span>
                                <div class="seller-store-rating less-seller-rating">
                                    <img src="https://image9.coupangcdn.com/image/mobile_app/v3/badges/thumbs_up/xxhdpi/ic_thumbsup_outline_black_buybox.png" alt="icon">
                                    <strong>-- %</strong>
                                    <span>(14건 이하)</span>
                                </div>
                        </div>
                    </a>
                    <a class=" prod-grid-div prod-grid-table-row" data-vendor-item-id="91854499006" data-coulog="{&quot;logCategory&quot;:&quot;event&quot;, &quot;logType&quot;:&quot;click&quot;, &quot;logLabel&quot;:&quot;SDP_COMPARE_PRICE&quot;, &quot;customURL&quot;:&quot;/click_compare_price_item&quot;, &quot;extraParam&quot;:&quot;vendorItemId=91854499006&quot;}">
                        <div class="prod-grid-content__row prod-grid-price prod-grid-table-cell">
                            <div class="prod-grid-content__check__box">
                                <input type="radio" name="vendor" id="vendor">
                            </div>
                            <div class="prod-grid-content__other__info">
                                    <strong>23,860<span class="prod-grid-price__unit">원</span></strong>
                            </div>
                            <div class="prod-grid-content__delivery__info">
                                            <span><em class="prod-txt-bold">무료배송</em></span>
                            </div>
                        </div>
                        <div class="prod-grid-content__row prod-grid-delivery prod-grid-table-cell prod-pdd-change-style">
                            <em class="prod-txt-onyx prod-txt-font-14">모레(목) 도착 예정</em>
                        </div>
                        <div class="prod-grid-content__row prod-grid-name  prod-grid-table-cell">
                            <span>선스마켓</span>
                                <div class="seller-store-rating ">
                                    <img src="https://image9.coupangcdn.com/image/mobile_app/v3/badges/thumbs_up/xxhdpi/ic_thumbsup_outline_black_buybox.png" alt="icon">
                                    <strong>74%</strong>
                                    <span>(192)</span>
                                </div>
                        </div>
                    </a>
                    <a class=" prod-grid-div prod-grid-table-row" data-vendor-item-id="91773385555" data-coulog="{&quot;logCategory&quot;:&quot;event&quot;, &quot;logType&quot;:&quot;click&quot;, &quot;logLabel&quot;:&quot;SDP_COMPARE_PRICE&quot;, &quot;customURL&quot;:&quot;/click_compare_price_item&quot;, &quot;extraParam&quot;:&quot;vendorItemId=91773385555&quot;}">
                        <div class="prod-grid-content__row prod-grid-price prod-grid-table-cell">
                            <div class="prod-grid-content__check__box">
                                <input type="radio" name="vendor" id="vendor">
                            </div>
                            <div class="prod-grid-content__other__info">
                                    <strong>23,530<span class="prod-grid-price__unit">원</span></strong>
                            </div>
                            <div class="prod-grid-content__delivery__info">
                                            <span><em class="prod-txt-bold">무료배송</em></span>
                            </div>
                        </div>
                        <div class="prod-grid-content__row prod-grid-delivery prod-grid-table-cell prod-pdd-change-style">
                            <em class="prod-txt-onyx prod-txt-font-14">5/30(금) 도착 예정</em>
                        </div>
                        <div class="prod-grid-content__row prod-grid-name  prod-grid-table-cell">
                            <span>피키프레쉬</span>
                                <div class="seller-store-rating less-seller-rating">
                                    <img src="https://image9.coupangcdn.com/image/mobile_app/v3/badges/thumbs_up/xxhdpi/ic_thumbsup_outline_black_buybox.png" alt="icon">
                                    <strong>-- %</strong>
                                    <span>(14건 이하)</span>
                                </div>
                        </div>
                    </a>
                    <a class=" prod-grid-div prod-grid-table-row" data-vendor-item-id="90706570417" data-coulog="{&quot;logCategory&quot;:&quot;event&quot;, &quot;logType&quot;:&quot;click&quot;, &quot;logLabel&quot;:&quot;SDP_COMPARE_PRICE&quot;, &quot;customURL&quot;:&quot;/click_compare_price_item&quot;, &quot;extraParam&quot;:&quot;vendorItemId=90706570417&quot;}">
                        <div class="prod-grid-content__row prod-grid-price prod-grid-table-cell">
                            <div class="prod-grid-content__check__box">
                                <input type="radio" name="vendor" id="vendor">
                            </div>
                            <div class="prod-grid-content__other__info">
                                    <strong>26,100<span class="prod-grid-price__unit">원</span></strong>
                            </div>
                            <div class="prod-grid-content__delivery__info">
                                            <span><em class="prod-txt-bold">무료배송</em></span>
                            </div>
                        </div>
                        <div class="prod-grid-content__row prod-grid-delivery prod-grid-table-cell prod-pdd-change-style">
                            <em class="prod-txt-onyx prod-txt-font-14">6/10 도착 예정</em>
                        </div>
                        <div class="prod-grid-content__row prod-grid-name  prod-grid-table-cell">
                            <span>멍균관</span>
                                <div class="seller-store-rating ">
                                    <img src="https://image9.coupangcdn.com/image/mobile_app/v3/badges/thumbs_up/xxhdpi/ic_thumbsup_outline_black_buybox.png" alt="icon">
                                    <strong>76%</strong>
                                    <span>(41)</span>
                                </div>
                        </div>
                    </a>
            </div>
        </div>
    </div>
</div><div class="popup prod-inquiry pord-async-layer">
    <form action="/vp/products/productId/sale-infos/vendorItemId/vendor">
        <h2>상품 문의</h2>
        <input type="hidden" name="vendorItemId">
        <div class="pop-contents">
            <table>
                <tbody><tr>
                    <th>상품정보</th>
                    <td>
                        <div class="prod-inquiry-option"><div class="prod-multi-option__item" data-level="0" data-attribute-type-id="7823" role="button" tabindex="0" title="개당 용량을(를) 선택하세요.">
            개당 용량을(를) 선택하세요.
        </div>

        <div class="prod-multi-option__item disabled" data-level="1" data-attribute-type-id="7652" role="button" tabindex="-1" title="수량을(를) 선택하세요.">
            수량을(를) 선택하세요.
        </div>
                            <div class="prod-multi-option__layer prod-inquiry-extra-style" style="display: none;"></div>
                            <div class="prod-multi-option__blinder">
                                <i class="prod-loading__indicator__spinner"></i>
                            </div>
                        </div>
                    </td>
                </tr>
                <tr>
                    <th>판매자</th>
                    <td>
                        <div class="prod-inquiry__vendor-placeholder">
                            상품 옵션 선택하여 판매자를 선택해주세요.
                        </div>
                        <div class="prod-inquiry__vendor">
                            <i class="prod-inquiry__vendor__icon"></i>
                            <span class="prod-inquiry__vendor__name"></span>
                        </div>
                    </td>
                </tr>
                <tr>
                    <th>문의내용</th>
                    <td>
                        <textarea id="productInquiryContent" name="content" cols="30" rows="10"></textarea>
                    </td>
                </tr>
            </tbody></table>
            <div class="prod-inquiry__info">
                * 개인정보(주민번호, 연락처, 주소, 계좌번호, 카드번호 등)가 포함되지 않도록 유의해주세요.
            </div>
        </div>
        <div class="pop-footer">
            <button class="btn btn-blue btn-send" type="submit">
                <span>확인</span>
            </button>
            <button class="btn btn-gray btn-cancel" type="button">
                <span>취소</span>
            </button>
        </div>
    </form>
    <a href="javascript:;" class="close" title="팝업 닫기">팝업 닫기</a>
</div>
<div class="review__modal-groups js_reviewModalGroup"><span class="pdp-review__modal-align"></span><div class="sdp-review__modal sdp-review__article__adventure-popup js_reviewHighlightAdventureModal">
    <div class="sdp-review__article__adventurer-popup-top">
    <button class="sdp-review__article__adventurer-popup-close js_modalClose"></button>
    <span class="sdp-review__article__adventurer-popup-title">쿠팡체험단 안내</span>
</div>

<div class="sdp-review__article__adventurer-popup-container">
    <div class="sdp-review__article__adventurer-popup-content">
        <div class="sdp-review__article__adventurer-popup-content__title">※ 쿠팡체험단에 초대되신 고객이 쿠팡이 무료로 제공한 상품에 상품평을 작성하면 뱃지가 발급됩니다. 쿠팡체험단에 도전해보세요.</div>
        <strong>쿠팡체험단 소개</strong><br>
        신뢰도 높은 활동을 한 리뷰어에게 최신 상품을 경험해볼 수 있는 기회를 제공합니다.<br>
        <p class="sdp-review__article__adventurer-popup-content__option">
            A. 초대 형태로 운영<br>
            B. SMS/이메일 수신 거부 시 초대 불가<br>
            C. 수령 후 상품평 작성 필수<br>
            D. 미등록 시 체험단 자격 박탈 가능<br>
            E. 우수 리뷰어는 지속적으로 초대 가능<br>
        </p>
        <br>
        <strong>쿠팡체험단 선정 기준</strong><br>
        상세하고 정직한 상품평을 작성하면 리뷰어 점수와 랭킹 순위가 높아지고, 초대 받을 확률도 증가합니다.<br>
        <br>
        <strong>쿠팡체험단 운영 원칙</strong><br>
        솔직한 상품평을 작성해야 하며, 쿠팡체험단 상품평 기준 또는 상품평 운영원칙에 어긋나는 상품평을 작성한 리뷰어게는 자격 박탈 등의 불이익이 생길 수 있습니다.
    </div>
</div>

</div><div class="sdp-review__modal sdp-review__article__top-badge-popup js_reviewHighlightTopBadgeModal">
    <div class="sdp-review__article__top-badge-popup-top">
    <button class="sdp-review__article__top-badge-popup-close js_modalClose"></button>
    <span class="sdp-review__article__top-badge-popup-title">리뷰어 뱃지 안내</span>
</div>

<div class="sdp-review__article__top-badge-container">
    <div class="sdp-review__article__top-badge-content js_reviewArticleTopBadgeContent">
        <div class="sdp-review__article__top-badge-content__title">※ 리뷰어 뱃지는 다른 고객에게 자신을 나타낼 수 있는 도구이며, 활동량과 자격에 따라 자동으로 부여됩니다.</div>
        <strong>TOP 리뷰어</strong><br>
        신뢰도 높은 상품평을 작성하면 평가 및 활동량에 따라 뱃지가 부여되고, 기준은 주기적으로 업데이트 됩니다.<br>
        <br>
        <strong>실명 리뷰어</strong><br>
        실명을 사용하면 작성하신 상품평에 대한 신뢰도가 높아집니다. 상품평 설정 메뉴에서 실명 공개 동의를 하면 바로 뱃지를 얻을 수 있습니다.<br>
        <br>
        <strong>쿠팡체험단</strong><br>
        쿠팡체험단에 초대 되신 고객이 상세한 상품평을 작성하면 쿠팡체험단 뱃지가 발급됩니다.<br>
    </div>
</div>

</div><div class="sdp-review__modal sdp-review__article__gallery js_reviewHighlightGalleryModal">
    <div class="sdp-review__article__gallery__close-btn js_modalClose"></div>
<div class="sdp-review__article__gallery__left-btn js_reviewArticleGalleryLeftBtn"></div>
<div class="sdp-review__article__gallery__right-btn js_reviewArticleGalleryRightBtn"></div>

<section class="sdp-review__article__gallery__section">
    <div class="sdp-review__article__gallery__section__table">
        <div class="sdp-review__article__gallery__section__table__content js_reviewArticleGalleryImageContainer"></div>
        <div class="review__attachment__caption">
            <div class="review__attachment__caption_text">
                <span class="caption_text"></span>
            </div>
            <div class="review__attachment__caption_button">
                <span class="caption_button_text">접기</span>
            </div>
            <div class="review__attachment__caption_button_folded">
                <span class="sdp-review__caption_tip"></span>
                <div class="caption_folded_button">보기</div>
            </div>
        </div>
    </div>
    <div class="sdp-review__article__gallery__section__thumbnail js_reviewArticleGalleryThumbnailImageContainer"></div>
    <div class="sdp-review__article__gallery__section__count">
        <span class="js_reviewArticleGalleryThumbnailCurrentCount"></span>
        /
        <span class="js_reviewArticleGalleryThumbnailTotalCount"></span>
    </div>
</section>

</div><div class="sdp-review__modal sdp-review__article__report-popup js_reviewHighlightReportModal">
    <div class="sdp-review__article__report-popup__white-dimmed js_reviewReportWhiteDimmed"></div>

    <div class="sdp-review__article__report-popup__top">
        <button class="sdp-review__article__report-popup__top__close-btn js_modalClose"></button>
        <span class="sdp-review__article__report-popup__top__title"><span class="js_reviewHighlightReportPopupTitle"></span> 신고하기</span>
    </div>

    <div class="sdp-review__article__report-popup__contents js_reviewHighlightReportModalContainer"></div>
</div><div class="sdp-review__modal sdp-review__average-notice-popup js_reviewAverageNoticeModal">
    <div class="sdp-review__average-notice-popup__top">
        <button class="sdp-review__average-notice-popup__close js_modalClose"></button>
        <span class="sdp-review__average-notice-popup__title">상품평 운영원칙</span>
    </div>

    <div class="sdp-review__average-notice-popup__content">
        <div class="sdp-review__average-notice-popup__content__title">※ 상품평 운영원칙 및 관련 법령에 위반되는 경우에는 해당 상품평에 대한 임시 대처, 비공개 전환, 삭제 등의 필요한 조치가 취해질 수 있습니다.</div>
        1. 작성된 글과 첨부된 멀티미디어 파일 등으로 이루어진 각 상품평은 개인의 의견을 반영하므로, 게시된 내용에 대한 모든 책임은 작성자에게 있습니다.<br>
        2. 상품평은 상품의 사용 관련 후기인 바, 배송·주문취소·교환·반품 등에 관한 문의사항은 고객센터로 제기하시기 바랍니다.<br>
        3. 다음과 같은 내용은 상품평에 허용되지 않은 부류인 바, 상품평 작성 시 주의하시기 바랍니다. <br>
        <p class="sdp-review__average-notice-popup__content__option">
            A. 주관적인 의견으로 인해 상품의 기능 및 효과에 대하여 오해의 소지가 있는 내용<br>
            B.  식품/건강기능식품과 관련하여 질병의 예방 및 치료, 체중감량 (다이어트)에 효능·효과가 있다는 내용<br>
            C. 비방, 욕설, 도배 등의 게시물 또는 반복되는 동일 단어나 문장<br>
            D. 타인 또는 기타 기관이 작성, 공개한 정보를 복사하여 기재한 부분<br>
            E. 상업적 목적의 광고성 내용<br>
            F.  그 밖에 상품평 운영원칙에 위배되거나 그러하다고 사료되는 내용<br>
        </p>
        4. 상품평으로 인해 다른 회원 또는 제3자에게 피해가 가해질 경우, 법적인 책임이 따를 수 있으며, 이에 대한 책임은 상품평을 게시한 당사자에게 있습니다.<br>
        5. 개인정보 보호와 관련된 피해를 방지하기 위해 주민번호, 전화번호, 이메일, 연락처 등의 내용 기입은 삼가해주시기 바랍니다. 해당 내용이 발견되는 경우,<br>
        &nbsp;&nbsp;&nbsp;&nbsp;&nbsp;제3자 노출을 방지하기 위해 관리자에 의해 노출 제한, 비공개 전환, 삭제 처리 등이 될 수 있습니다.<br>
        6. 이 외 상품평의 성격에 맞지 않는 내용은 관리자에 의해 노출 제한, 비공개 전환, 삭제 처리 등이 될 수 있습니다.
    </div>
</div><div class="sdp-review__modal sdp-review__article__adventure-popup js_reviewArticleAdventureModal">
    <div class="sdp-review__article__adventurer-popup-top">
    <button class="sdp-review__article__adventurer-popup-close js_modalClose"></button>
    <span class="sdp-review__article__adventurer-popup-title">쿠팡체험단 안내</span>
</div>

<div class="sdp-review__article__adventurer-popup-container">
    <div class="sdp-review__article__adventurer-popup-content">
        <div class="sdp-review__article__adventurer-popup-content__title">※ 쿠팡체험단에 초대되신 고객이 쿠팡이 무료로 제공한 상품에 상품평을 작성하면 뱃지가 발급됩니다. 쿠팡체험단에 도전해보세요.</div>
        <strong>쿠팡체험단 소개</strong><br>
        신뢰도 높은 활동을 한 리뷰어에게 최신 상품을 경험해볼 수 있는 기회를 제공합니다.<br>
        <p class="sdp-review__article__adventurer-popup-content__option">
            A. 초대 형태로 운영<br>
            B. SMS/이메일 수신 거부 시 초대 불가<br>
            C. 수령 후 상품평 작성 필수<br>
            D. 미등록 시 체험단 자격 박탈 가능<br>
            E. 우수 리뷰어는 지속적으로 초대 가능<br>
        </p>
        <br>
        <strong>쿠팡체험단 선정 기준</strong><br>
        상세하고 정직한 상품평을 작성하면 리뷰어 점수와 랭킹 순위가 높아지고, 초대 받을 확률도 증가합니다.<br>
        <br>
        <strong>쿠팡체험단 운영 원칙</strong><br>
        솔직한 상품평을 작성해야 하며, 쿠팡체험단 상품평 기준 또는 상품평 운영원칙에 어긋나는 상품평을 작성한 리뷰어게는 자격 박탈 등의 불이익이 생길 수 있습니다.
    </div>
</div>

</div><div class="sdp-review__modal sdp-review__article__top-badge-popup js_reviewArticleTopBadgeModal">
    <div class="sdp-review__article__top-badge-popup-top">
    <button class="sdp-review__article__top-badge-popup-close js_modalClose"></button>
    <span class="sdp-review__article__top-badge-popup-title">리뷰어 뱃지 안내</span>
</div>

<div class="sdp-review__article__top-badge-container">
    <div class="sdp-review__article__top-badge-content js_reviewArticleTopBadgeContent">
        <div class="sdp-review__article__top-badge-content__title">※ 리뷰어 뱃지는 다른 고객에게 자신을 나타낼 수 있는 도구이며, 활동량과 자격에 따라 자동으로 부여됩니다.</div>
        <strong>TOP 리뷰어</strong><br>
        신뢰도 높은 상품평을 작성하면 평가 및 활동량에 따라 뱃지가 부여되고, 기준은 주기적으로 업데이트 됩니다.<br>
        <br>
        <strong>실명 리뷰어</strong><br>
        실명을 사용하면 작성하신 상품평에 대한 신뢰도가 높아집니다. 상품평 설정 메뉴에서 실명 공개 동의를 하면 바로 뱃지를 얻을 수 있습니다.<br>
        <br>
        <strong>쿠팡체험단</strong><br>
        쿠팡체험단에 초대 되신 고객이 상세한 상품평을 작성하면 쿠팡체험단 뱃지가 발급됩니다.<br>
    </div>
</div>

</div><div class="sdp-review__modal sdp-review__article__gallery js_reviewArticleGalleryModal">
    <div class="sdp-review__article__gallery__close-btn js_modalClose"></div>
<div class="sdp-review__article__gallery__left-btn js_reviewArticleGalleryLeftBtn"></div>
<div class="sdp-review__article__gallery__right-btn js_reviewArticleGalleryRightBtn"></div>

<section class="sdp-review__article__gallery__section">
    <div class="sdp-review__article__gallery__section__table">
        <div class="sdp-review__article__gallery__section__table__content js_reviewArticleGalleryImageContainer"></div>
        <div class="review__attachment__caption">
            <div class="review__attachment__caption_text">
                <span class="caption_text"></span>
            </div>
            <div class="review__attachment__caption_button">
                <span class="caption_button_text">접기</span>
            </div>
            <div class="review__attachment__caption_button_folded">
                <span class="sdp-review__caption_tip"></span>
                <div class="caption_folded_button">보기</div>
            </div>
        </div>
    </div>
    <div class="sdp-review__article__gallery__section__thumbnail js_reviewArticleGalleryThumbnailImageContainer"></div>
    <div class="sdp-review__article__gallery__section__count">
        <span class="js_reviewArticleGalleryThumbnailCurrentCount"></span>
        /
        <span class="js_reviewArticleGalleryThumbnailTotalCount"></span>
    </div>
</section>

</div><div class="sdp-review__modal sdp-review__article__report-popup js_reviewArticleReportModal">
    <div class="sdp-review__article__report-popup__white-dimmed js_reviewReportWhiteDimmed"></div>

    <div class="sdp-review__article__report-popup__top">
        <button class="sdp-review__article__report-popup__top__close-btn js_modalClose"></button>
        <span class="sdp-review__article__report-popup__top__title"><span class="js_reviewArticleReportPopupTitle"></span> 신고하기</span>
    </div>

    <div class="sdp-review__article__report-popup__contents js_reviewArticleReportModalContainer"></div>
</div><div class="sdp-review__modal sdp-review__profile js_reviewProfileModal">
    <article class="sdp-review__profile__article">
        <div class="sdp-review__profile__article__dimmed js_reviewProfileModalDimmed"></div>
        <div class="sdp-review__profile__article__close-btn js_modalClose"></div>

        <section class="sdp-review__profile__article__info js_reviewProfileModalProfileContainer"></section>

        <div class="sdp-review__profile__article__count">
            총 <span class="js_reviewProfileModalListTotalCount">0</span> 개
        </div>

        <section class="sdp-review__profile__article__list js_reviewProfileModalReviewListContainer"></section>

        <div class="sdp-review__profile__article__scroll">
            <div class="sdp-review__profile__article__scroll__top-btn js_reviewProfileModalScrollTopBtn"></div>
        </div>
    </article>
</div><div class="sdp-review__modal sdp-review__article__gallery js_reviewProfileGalleryModal">
    <div class="sdp-review__article__gallery__back js_reviewProfileGalleryModalBackBtn">
        <div class="sdp-review__article__gallery__back__arrow"></div>
        <div class="sdp-review__article__gallery__back__content">프로필로 돌아가기</div>
    </div>
    <div class="sdp-review__article__gallery__close-btn js_modalClose"></div>
<div class="sdp-review__article__gallery__left-btn js_reviewArticleGalleryLeftBtn"></div>
<div class="sdp-review__article__gallery__right-btn js_reviewArticleGalleryRightBtn"></div>

<section class="sdp-review__article__gallery__section">
    <div class="sdp-review__article__gallery__section__table">
        <div class="sdp-review__article__gallery__section__table__content js_reviewArticleGalleryImageContainer"></div>
        <div class="review__attachment__caption">
            <div class="review__attachment__caption_text">
                <span class="caption_text"></span>
            </div>
            <div class="review__attachment__caption_button">
                <span class="caption_button_text">접기</span>
            </div>
            <div class="review__attachment__caption_button_folded">
                <span class="sdp-review__caption_tip"></span>
                <div class="caption_folded_button">보기</div>
            </div>
        </div>
    </div>
    <div class="sdp-review__article__gallery__section__thumbnail js_reviewArticleGalleryThumbnailImageContainer"></div>
    <div class="sdp-review__article__gallery__section__count">
        <span class="js_reviewArticleGalleryThumbnailCurrentCount"></span>
        /
        <span class="js_reviewArticleGalleryThumbnailTotalCount"></span>
    </div>
</section>

</div><div class="sdp-review__modal sdp-review__article__report-popup js_reviewProfileReportModal">
    <div class="sdp-review__article__report-popup__white-dimmed js_reviewReportWhiteDimmed"></div>

    <div class="sdp-review__article__report-popup__back js_reviewProfileReportModalBackBtn">프로필로 돌아가기</div>

    <div class="sdp-review__article__report-popup__top">
        <button class="sdp-review__article__report-popup__top__close-btn js_modalClose"></button>
        <span class="sdp-review__article__report-popup__top__title">상품평 신고하기</span>
    </div>

    <div class="sdp-review__article__report-popup__contents js_reviewProfileReportModalContainer"></div>
</div><div class="sdp-review__modal sdp-review__modify-popup js_reviewModifyModal">
    <div class="sdp-review__modify__white-dimmed js_reviewModifyWhiteDimmed"></div>

    <div class="sdp-review__modify-popup__top">
        <button class="sdp-review__modify-popup__close js_modalClose"></button>
        <span class="sdp-review__modify-popup__title">상품평 수정하기</span>
    </div>

    <div class="sdp-review__modify-popup-container js_reviewModifyContainer"></div>
</div><div class="sdp-review__modal sdp-review__gallery js_reviewGalleryModal">
    <section class="sdp-review__gallery__section">
        <div class="sdp-review__gallery__section__dimmed js_reviewGalleryWhiteDimmed"></div>
        <div class="sdp-review__gallery__section__close-btn js_modalClose"></div>

        <header class="sdp-review__gallery__section__header">
           <h2 class="sdp-review__gallery__section__header__title">
               갤러리
               <span class="sdp-review__gallery__section__header__title__explanation">섬네일을 클릭하면 더 많은 상품평 정보를 볼 수 있어요</span>
           </h2>
        </header>


            <div class="sdp-review__gallery__section__count js-video-gallery">
                동영상 <span class="sdp-review__gallery__section__count__number js_reviewGalleryModalVideoTotalCount">0</span>
            </div>

            <div class="sdp-review__gallery__section__list js_reviewGalleryVideoListContainer"></div>


        <div class="sdp-review__gallery__section__count">
            이미지 <span class="sdp-review__gallery__section__count__number js_reviewGalleryModalImageTotalCount">0</span>
        </div>

        <div class="sdp-review__gallery__section__list js_reviewGalleryImageListContainer"></div>

        <div class="sdp-review__gallery__section__scroll">
            <div class="sdp-review__gallery__section__scroll__top-btn js_reviewGalleryScrollTopBtn"></div>
        </div>

        <article class="sdp-review__gallery__detail js_reviewGalleryDetailContainer"></article>
    </section>
</div></div></body>